1963 3202
263 108 343 148 818
534 109 588 149 V.
619 114 654 149 1.
700 122 942 150 DEmVATio
963 122 1235 151 BRITANNICA
1257 125 1530 152 MULTIPLEX.

481 280 531 319 C.
579 278 862 319 Derivatio
893 293 1253 321 consonarum
1283 281 1586 335 multiplex.

373 401 568 456 Triplicis
604 401 874 443 derivationis
903 402 1161 445 britannicae
1193 405 1385 458 exempla
1414 405 1634 458 quaedam.
1690 408 1726 443 1.
1763 403 1808 444 Si

260 473 470 527 praecedit
500 480 597 513 ante
628 473 839 526 duplicem
871 473 1171 514 derivationem
1201 474 1402 528 simplex:
1438 475 1594 514 cambr.
1628 481 1710 514 vet.
1746 473 1808 514 di-

256 544 409 597 quolou
433 546 454 596 s
482 542 548 583 iola
574 547 596 593 s
620 543 716 584 et-io
748 543 1103 597 (manifestatus),
1134 550 1238 595 cres
1253 551 1298 585 at
1312 549 1333 598 J
1350 544 1486 585 ic-azcl
1512 543 1723 598 (genialis)
1745 544 1804 597 gl.

259 614 400 654 Oxon.
465 616 503 653 2.
539 613 584 653 Si
606 612 795 667 sequitur
815 613 994 668 simplex
1014 621 1110 668 post
1130 615 1363 669 duplicem:
1391 616 1546 655 cambr.
1571 629 1643 655 cen
1658 618 1679 668 s
1696 613 1807 654 it-ol—

253 687 274 735 s
291 682 369 724 aid
387 683 636 737 (generatio)
659 683 716 737 gl.
743 684 883 725 Oxon.
913 685 1025 738 ywel
1035 688 1056 737 s
1073 685 1185 739 ecl-29
1201 689 1220 735 l
1238 686 1333 726 aeth
1355 685 1512 738 (visio),
1539 685 1624 725 bad
1638 689 1658 736 s
1673 683 1806 739 τερ-οἶ-

251 759 272 804 s
289 753 414 809 yaeth
443 753 650 807 (victoria)
674 754 790 794 Mab.
816 769 965 795 armor.
998 756 1098 795 Isen
1122 760 1145 805 s
1167 755 1244 797 θέλ
1261 760 1282 806 l
1308 771 1354 796 or
1376 758 1508 808 (nom.
1538 755 1634 808 viri)
1657 755 1802 796 Chart.

259 824 399 864 Rhed.
1688 868 1689 871 Ἴ

372 894 671 949 Quadruplicis
693 894 979 945 derivationis,
1004 895 1032 935 i.
1054 910 1089 936 e.
1116 895 1151 936 si
1172 904 1246 936 aut
1267 897 1375 937 duae
1396 896 1599 936 formulae
1620 895 1808 949 duplices

257 965 566 1015 consociantur,
587 972 661 1006 aut
681 965 905 1005 formulam
927 965 1139 1019 duplicem
1155 981 1241 1006 una
1258 966 1437 1020 simplex
1452 966 1662 1021 praecedit
1679 966 1810 1006 altera

258 1035 461 1088 sequitur,
487 1043 627 1076 essent
655 1036 847 1089 exempla
878 1036 1097 1085 cambrica,
1124 1036 1157 1076 si
1183 1037 1306 1076 modo
1328 1036 1450 1076 dictis
1471 1037 1643 1077 vocibus
1661 1036 1808 1090 moele—

259 1106 428 1161 diqaeth
459 1112 501 1146 et
531 1105 876 1160 (lzyzcolom'ehetic
904 1107 1150 1145 accederent
1173 1106 1449 1146 derivationes
1472 1121 1593 1154 -awc,
1619 1105 1725 1154 -aid,
1750 1106 1809 1146 ita

258 1185 307 1220 ut
336 1178 486 1217 fierent
510 1176 621 1230 μυεῖ
632 1180 654 1226 s
671 1175 784 1229 ecl-229
800 1179 822 1225 l
837 1174 1042 1215 aeth-awo
1074 1175 1376 1228 (visionarius),
1403 1175 1598 1229 dv'quolou
1613 1179 1634 1229 s
1652 1175 1718 1216 iola
1733 1180 1754 1226 s
1771 1191 1809 1216 e-

259 1249 312 1292 tic
327 1254 348 1303 s
365 1248 441 1289 aid
460 1245 795 1300 (manifestatio).
838 1244 1106 1286 Armoricum
1135 1246 1378 1299 exemplum
1407 1246 1645 1299 duplicatae
1673 1246 1810 1300 dupli-

258 1321 316 1361 cis
339 1316 608 1360 derivationis
630 1323 693 1356 est
714 1316 887 1356 fortasse
908 1329 1064 1356 nomen
1085 1315 1163 1356 viri
1183 1317 1282 1357 Ken
1299 1321 1320 1366 s
1337 1316 1414 1357 25-ch
1431 1321 1452 1366 s
1467 1330 1584 1357 m-an
1606 1331 1732 1370 supra
1752 1317 1809 1357 al-

256 1391 392 1431 latum
414 1391 474 1443 (p.
502 1389 616 1440 792).

375 1457 664 1511 Quintuplicis
693 1457 759 1498 vel
781 1456 1024 1511 sextuplicis
1047 1456 1289 1510 exemplum
1311 1456 1580 1506 cambricum,
1606 1456 1641 1496 si
1663 1471 1810 1497 nume—

260 1537 377 1571 ratur
409 1529 564 1570 vocalis
586 1528 616 1578 ἱ,
643 1535 706 1569 est
727 1528 918 1569 hodiern.
946 1528 1043 1582 llyw
1058 1531 1080 1577 s
1096 1528 1192 1567 od-o·
1208 1531 1228 1578 s
1244 1527 1338 1568 aeth
1354 1532 1375 1578 s
1391 1526 1496 1577 i—ad,
1524 1528 1620 1582 llyw
1637 1532 1658 1578 s
1674 1527 1692 1567 i
1704 1532 1725 1578 s
1741 1528 1810 1568 od-

259 1605 321 1655 ν]
337 1600 432 1642 aeth
457 1604 479 1650 l
502 1599 597 1640 i-ad
624 1601 838 1651 (exercens
868 1597 1054 1638 officium
1082 1597 1420 1651 gubernationis,
1454 1599 1752 1651 gubernator),
1789 1612 1811 1637 e

260 1671 398 1712 radice
430 1670 526 1724 llyw
548 1670 740 1722 (remus),
766 1682 872 1723 quae
901 1669 1094 1722 augendo
1114 1668 1302 1722 procedit
1322 1682 1395 1722 per
1418 1668 1611 1723 llywyaw
1633 1669 1810 1721 (regere)

262 1742 378 1782 Mab.
407 1745 445 1790 3,
473 1743 569 1789 297,
596 1739 874 1795 llywz'awdyr,
901 1739 1147 1793 llywawdyr
1169 1738 1459 1792 (gubernator)
1481 1739 1533 1778 ad
1559 1738 1711 1779 formas
1735 1734 1811 1792 lly-

263 1810 508 1860 wiodraetlz,
544 1810 832 1865 llywodraeth,
865 1824 963 1849 cum
991 1810 1115 1849 verbo
1145 1822 1219 1849 suo
1250 1807 1295 1848 in
1326 1808 1492 1858 -aetku,
1526 1808 1639 1848 unde
1671 1807 1810 1863 llywo-

263 1881 502 1930 draetkiad,
529 1879 908 1936 llywz’odraetlziad.

701 2272 929 2317 CAPUT
976 2271 1371 2316 SECUNDUM.

802 2407 878 2452 De
912 2405 1272 2475 compositione.

382 2538 707 2602 Compositionis
736 2545 935 2586 facultate
964 2545 1111 2598 lingua
1140 2545 1286 2586 celtica
1306 2560 1393 2586 non
1415 2545 1525 2585 cedit
1545 2544 1702 2599 linguis
1724 2545 1812 2585 affi-

268 2621 407 2669 nibus,
433 2634 554 2673 quae,
581 2626 629 2657 ut
658 2616 812 2665 indica,
846 2630 1006 2669 graeca,
1031 2616 1283 2668 germanica,
1312 2630 1359 2656 ea
1379 2615 1560 2656 maxime
1581 2614 1808 2663 excellunt,

269 2698 309 2730 ct
330 2690 455 2742 longe
476 2694 645 2743 superat
665 2701 749 2736 eaS,
775 2700 895 2739 quae,
915 2693 964 2726 ut
979 2685 1125 2735 latina,
1148 2686 1315 2735 slavica,
1335 2687 1479 2726 eadem
1495 2685 1636 2725 minus
1653 2684 1808 2725 valent.

382 2761 420 2799 A
451 2766 616 2799 vetusta
645 2758 887 2812 linguarum
918 2755 1111 2796 affinium
1139 2755 1416 2809 componendi
1446 2770 1591 2795 norma
1611 2754 1809 2808 generali,

269 2844 373 2883 quae
403 2829 609 2869 vocalium
640 2836 722 2869 tres
752 2826 888 2881 apices
910 2826 963 2875 A,
990 2826 1026 2874 I,
1053 2825 1091 2865 U
1115 2825 1261 2865 finales
1287 2825 1482 2879 primitus
1505 2826 1549 2865 in
1571 2824 1812 2865 nominibus

1929 390 1932 411 1

1930 421 1931 432 η
