1963 3202
253 70 332 108 732
392 71 444 110 V.
476 75 511 109 1.
556 83 797 111 DERIVATIO
819 83 1003 111 GALLICA
1024 84 1078 110 ET
1102 85 1346 112 HIBERNICA
1369 85 1669 115 LioumARUM.

364 182 401 221 b.
445 182 554 222 Cum
599 182 811 222 vocalibus
848 182 1062 236 correptis.
1106 184 1219 223 AM:
1261 183 1494 223 Cinnamus
1531 185 1664 235 (nom.
1699 185 1795 237 viri)

250 252 383 291 Inscr.
419 252 545 292 Grut.
573 255 668 299 842,
700 255 764 291 10.
805 252 984 292 Loutius
1022 252 1207 293 Clutami
1237 253 1297 292 fil.
1334 254 1467 293 Inscr.
1501 254 1630 293 Orell.
1666 259 1790 294 4994.

249 321 483 374 Trigisamo
501 321 649 373 (locus,
671 320 771 360 item
791 321 924 370 fluvii,
944 321 1041 361 hod.
1063 323 1264 371 Treisam,
1287 323 1468 362 influens
1486 323 1530 362 in
1548 324 1794 364 Danubium

249 406 375 440 unus,
396 391 441 430 in
457 390 659 430 Rhenum
680 390 802 443 alter)
821 391 924 430 Tab.
948 392 1089 440 Petit,
1111 407 1294 446 compos.
1315 399 1355 432 et
1372 393 1501 432 deriv.
1523 393 1794 447 Tri-gis-am?

249 461 429 502 Videtur
458 467 600 500 tamen
631 459 818 500 obtinere
840 460 958 500 -S-M
980 462 1138 514 duplex
1168 462 1368 503 derivatio
1399 463 1444 503 in
1473 463 1642 504 nomine
1668 460 1795 504 Βελί-

250 546 368 583 σαμα
406 533 602 587 (aestuar.
644 529 775 582 Brit.)
807 530 919 570 Ptol.
960 531 1114 571 Miner.
1154 533 1387 573 Belisamae
1424 533 1621 587 Inscript.
1661 535 1791 574 Orell.

253 606 353 640 1431
391 600 630 652 (Belisanae
653 600 783 639 Orell.
814 602 955 652 1969).
1000 600 1109 640 EM:
1142 600 1283 654 πονέμ
1315 603 1459 655 (herba
1492 603 1701 644 artemisia
1730 604 1796 644 vel

249 671 492 724 serpyllum,
526 670 689 723 rapium
712 669 866 722 Gallis)
890 669 1031 710 Diosc.
1060 675 1097 719 3,
1128 675 1220 711 117.
1245 679 1364 725 petra
1392 688 1498 726 quae
1519 673 1708 713 Artemia
1734 674 1794 713 di·

249 740 477 789 citur,·vir
507 739 720 779 Artemius
754 739 924 779 nomine
956 740 1026 792 (cf.
1061 740 1225 781 hibern.
1250 743 1404 791 Artur,
1429 743 1584 782 cambr.
1607 743 1794 795 Arthur)

249 810 358 850 Bon.
384 810 473 849 Jul.
504 814 539 858 1,
568 814 634 849 53.
665 814 758 848 114.
804 810 895 850 IM:
932 810 1154 863 Bergimus
1187 813 1325 865 (deus)
1351 813 1484 853 Inscr.
1509 813 1639 852 Orell.
1669 817 1790 853 1971.

255 884 375 919 1972.
399 894 494 933 pars
519 880 607 932 agri
630 881 741 932 quod
762 887 934 920 vocatur
956 880 1144 930 Sissima,
1170 881 1272 935 dipl.
1297 897 1335 922 a.
1364 887 1442 922 634
1466 898 1533 936 ap.
1559 871 1723 923 Mabil'l.
1749 899 1791 937 p.

250 955 346 990 465.
382 951 485 990 Post
506 949 631 990 aliam
652 949 972 990 derivationem:
1000 951 1248 1004 Carpusimo
1266 952 1463 1006 Inscript.
1485 953 1643 992 Murat.
1670 957 1790 1001 1441,

249 1026 288 1060 4.
333 1021 442 1060 OM:
470 1021 726 1073 Bergomum
748 1022 862 1073 (opp.
889 1020 1002 1060 Gall.
1028 1021 1210 1075 cisalp.),
1236 1021 1496 1061 Vindomum
1519 1022 1665 1074 (Brit.)
1689 1023 1790 1063 Itin.

248 1089 582 1131 Vertacomacori
607 1092 757 1142 (pagus
778 1090 969 1143 gallicus,
996 1105 1178 1144 compos.
1204 1091 1603 1131 Ver-tacomo—cori?
1631 1092 1683 1131 cf.
1710 1093 1794 1132 Da-

247 1174 366 1200 coma
381 1160 515 1199 Inscr.
537 1174 604 1213 ap.
626 1159 770 1199 Emele
787 1174 829 1212 p.
853 1162 924 1212 67)
943 1160 1056 1200 Plin.
1081 1166 1118 1209 3,
1145 1166 1209 1200 17.
1230 1162 1270 1201 V
1272 1162 1629 1201 enaxomodurum
1648 1163 1790 1213 (Raet.

247 1229 411 1282 oppid.)
443 1229 580 1269 Notit.
615 1229 766 1282 dignit.
804 1229 915 1269 UM:
952 1230 1185 1279 Maidumo,
1220 1230 1323 1283 dipl.
1358 1245 1396 1270 a.
1425 1234 1502 1269 862
1527 1246 1593 1285 ap.
1626 1232 1791 1273 Mabill.

246 1314 288 1352 p.
308 1304 402 1338 537.
424 1298 468 1338 in
485 1299 585 1338 villa
601 1305 875 1352 nuncupante
890 1300 1110 1340 Cuchuma
1128 1301 1197 1342 (ad
1215 1301 1419 1353 Mosell.),
1436 1301 1626 1341 Martene
1643 1306 1678 1350 1,
1697 1306 1791 1342 184.

360 1385 394 1409 0.
430 1370 539 1409 Cum
560 1369 772 1409 vocalibus
793 1370 1007 1424 productis
1028 1371 1094 1411 vel
1116 1370 1389 1425 diphthongis
1407 1370 1633 1411 derivantis
1651 1386 1690 1411 m
1708 1386 1794 1412 11011

245 1446 414 1480 exstant
434 1439 639 1493 exempla.

359 1511 399 1550 d.
444 1509 693 1550 Geminatae
730 1511 827 1550 MM
864 1510 1089 1551 derivantis
1127 1509 1326 1565 gallicum
1361 1510 1464 1550 item
1499 1525 1584 1551 non
1621 1518 1794 1564 apparet

245 1580 500 1633 exemplum.
536 1579 639 1633 Ejus
660 1580 799 1620 locum
821 1580 1007 1621 obtinere
1028 1581 1161 1622 videri
1180 1580 1335 1635 poterit
1353 1581 1455 1622 SM:
1483 1581 1656 1622 Osismii
1675 1584 1790 1634 (pop.

244 1650 406 1704 gallic.)
440 1650 577 1690 Strab.
619 1650 732 1690 Plin.
768 1650 912 1691 civitas
950 1651 1299 1691 Ecolismensium
1331 1651 1481 1691 Libell.
1517 1653 1567 1691 de
1602 1651 1789 1705 provinc.

246 1721 390 1769 Rom„
417 1720 626 1760 Ecolisma
659 1720 774 1772 (hod.
800 1721 1082 1774 Angouleme)
1106 1722 1234 1774 Greg.
1261 1722 1363 1760 Tur.
1392 1724 1429 1770 2,
1460 1725 1523 1761 13.
1553 1726 1618 1760 37.
1644 1710 1792 1760 nemus

246 1790 314 1830 cui
345 1790 568 1830 Molismus
596 1804 751 1829 nomen
781 1798 857 1839 est,
893 1791 994 1831 Vita
1027 1791 1070 1830 S.
1096 1790 1271 1830 Roberti
1300 1790 1425 1843 primi
1456 1792 1550 1831 abb.
1585 1790 1788 1838 Molism„

246 1859 356 1899 Boll.
381 1860 484 1912 Apr.
513 1864 550 1908 3,
578 1864 673 1898 670.
709 1859 958 1899 Bellismum
989 1861 1222 1909 castellum,
1258 1860 1446 1900 Orderici
1475 1861 1605 1901 Vital.
1642 1860 1788 1899 histor.

246 1929 346 1969 eccl.
372 1930 519 1969 Norm.
546 1930 705 1981 (Vales.
730 1944 772 1982 p.
803 1933 867 1968 72.
898 1930 982 1981 79).
1017 1926 1285 1981 λειούσματα
1316 1925 1650 1984 ἢλεγούσματα.
1675 1923 1793 1978 εἶδος

246 1995 568 2055 καταφράκτου.
594 1995 800 2049 Γαλάται,
821 1999 1008 2052 Hcsych.
1030 2000 1094 2039 ed.
1109 2000 1206 2038 Alb.
1225 2003 1263 2047 2,
1283 2002 1378 2038 442.
1411 2001 1493 2040 Sed
1510 2000 1580 2040 vix
1597 2000 1788 2049 dubium,

245 2075 379 2108 ortam
401 2083 489 2108 esse
511 2069 618 2108 hanc
641 2083 661 2108 e
683 2069 939 2109 derivatione
961 2084 1086 2123 supra
1107 2076 1334 2109 memorata
1352 2070 1510 2123 duplici
1528 2084 1641 2118 -s-m,
1668 2085 1703 2109 e.
1723 2085 1786 2123 gr.

245 2139 290 2178 in
311 2138 480 2178 nomine
503 2138 712 2178 Belisama
733 2154 800 2192 ap.
827 2139 938 2179 Ptol.

358 2423 588 2463 Hibernioa
610 2424 658 2463 M
679 2423 885 2464 derivans.
930 2432 973 2477 a)
1008 2424 1196 2477 Simplex
1224 2426 1422 2464 accedens
1453 2425 1583 2465 vocali
1612 2440 1697 2464 11011
1728 2439 1789 2464 111-

246 2493 445 2533 termedia
481 2494 533 2533 ad
569 2494 748 2534 radicem
787 2493 1051 2534 terminatam
1087 2494 1218 2533 vocali
1253 2494 1298 2533 in
1330 2494 1603 2534 substantivis
1635 2509 1785 2534 masc:

241 2565 372 2616 quim,
398 2578 495 2616 gen.
526 2565 666 2617 ‘qm'mo
697 2566 866 2615 (actus),
893 2578 914 2602 o
945 2565 1057 2603 verb.
1080 2565 1198 2617 qnia,
1224 2563 1343 2603 facio.
1389 2564 1441 2603 In
1472 2564 1663 2617 pluribus
1695 2565 1789 2604 sub-

244 2633 436 2673 stantivis
468 2633 700 2673 terminatis
732 2634 782 2673 ab
814 2648 871 2672 -m,
903 2634 968 2673 vel
998 2648 1079 2673 -me
1110 2635 1161 2673 ob
1191 2633 1390 2673 flexiones
1421 2648 1551 2682 -mczn,
1578 2648 1669 2674 men
1697 2648 1784 2687 pro-

244 2703 419 2742 deuntes
441 2703 485 2742 in
507 2703 670 2743 casibus
693 2702 870 2755 obliquis
894 2704 954 2756 (p.
982 2706 1058 2741 264
1080 2704 1163 2755 sq.)
1186 2718 1212 2743 n
1237 2702 1388 2743 amissa
1409 2709 1450 2742 et
1472 2703 1671 2743 derivatio
1693 2716 1788 2755 ergo

244 2786 349 2812 -m-Jz
371 2773 528 2825 duplex
550 2774 770 2813 statuenda
794 2779 869 2816 cst.
895 2788 930 2812 e.
951 2788 1013 2825 g·.1
1040 2773 1083 2811 in
1105 2772 1193 2812 his:
1231 2773 1317 2812 bem
1340 2774 1535 2825 (verber),
1561 2773 1672 2813 aium
1699 2775 1789 2817 (no-

1931 0 1944 243 m
