1963 3202
285 113 339 152 V.
369 117 405 150 1.
450 124 690 151 DERWATIO
711 123 892 151 GALLICA
915 124 968 150 ET
991 123 1234 150 IIIBERNICA
1256 124 1477 150 TENUIUM.
1571 111 1649 149 759

112 224 270 263 Forsan
301 222 427 262 etiam
455 221 653 262 Induitus
676 221 745 271 (ef.
771 220 1086 261 Indutiomarus
1115 234 1158 272 p.
1189 225 1252 268 19,
1278 228 1384 269 not„
1410 228 1451 260 et
1481 221 1644 261 hibern.

111 300 193 332 vet.
220 292 329 340 inne,
350 306 495 331 sensus
508 291 541 342 2²)
564 292 695 330 Inscr.
718 290 852 330 Stein.
876 294 969 328 318.
1006 290 1114 329 ITI:
1142 288 1333 340 Togitius
1354 290 1486 329 Inscr.
1509 291 1643 330 Stein.

112 366 206 401 324.
233 360 474 401 Domnitius
498 360 642 400 Sidon.
668 359 788 411 epist.
813 363 850 406 4,
874 362 921 406 2;
947 358 991 397 in
1012 357 1237 410 multiplic-i
1258 357 1535 398 derivatione:
1562 360 1647 399 Go-

108 430 290 477 bannio,
322 429 554 469 Divitiacus
585 429 724 475 Caes„
759 427 935 467 Bilition
963 427 1091 479 Greg.
1127 428 1228 466 Tur.
1262 428 1321 480 (p.
1352 429 1464 479 725).
1517 428 1642 467 ITU:

109 498 298 538 Ambitui
331 500 444 550 (pop.
479 497 602 549 gall.)
625 497 737 535 Plin.
782 497 881 536 OT:
916 496 1147 548 Lugotorix
1176 498 1313 544 Caes„
1348 497 1647 536 Dumnotonus

111 568 251 619 (fluv.)
268 568 427 606 Auson.
445 565 566 617 epist.
582 570 619 604 5.
655 566 755 605 UT:
782 566 988 605 Carnutes
1006 567 1125 605 Caes.
1146 566 1334 605 Namuta
1352 565 1545 605 Minutae
1562 566 1648 605 filia

109 636 305 689 Inscript..
332 635 479 686 (Mem.
513 635 583 673 des
605 634 751 687 Antiq.
778 636 828 674 de
850 635 1008 674 France
1034 639 1098 683 16,
1127 637 1239 688 139).
1284 637 1505 674 Buxutum
1527 635 1642 687 (hod.

107 707 260 757 Bossu)
282 705 376 743 Act.
404 704 481 744 SS.
507 704 617 743 Boll.
644 704 738 743 Oct.
766 709 804 752 4,
835 708 954 743 1032.
983 704 1147 744 Mabill.
1174 718 1279 743 saec.
1308 708 1346 753 2,
1374 709 1469 743 865.
1515 705 1642 745 UTI:

108 774 318 815 Venutius
342 773 608 823 (Britannus)
632 773 764 812 Tacit.
789 774 904 812 Anu.
934 775 998 821 12,
1029 777 1093 821 12,
1120 778 1187 812 40.
1213 773 1329 812 Hist.
1359 778 1396 821 3,
1424 779 1491 813 45.

219 845 257 895 e)
289 844 398 882 Cum
418 841 629 881 vocalibus
651 841 878 895 productis.
921 827 1017 881 AT:
1045 843 1242 881 Teutates
1266 843 1507 893 (Gallorum
1527 845 1648 894 deus)

109 914 268 953 Lucan.
299 916 334 960 1,
361 917 456 950 445.
500 910 676 950 Nomini
706 910 857 949 herbae
886 910 1036 963 gallico
1057 908 1414 965 ταρβηλοδάῧιον
1434 926 1500 966 ap.
1526 906 1647 952 Dios-

108 982 288 1022 coridem
309 995 434 1034 supra
451 982 511 1033 (p.
534 985 601 1020 89.
624 982 694 1032 90)
713 980 977 1033 suppositum
999 987 1060 1019 est
1081 977 1442 1033 ταρβοταβάτιον,
1463 996 1645 1035 compos.

108 1066 130 1091 e
161 1052 287 1099 ΐαῦιὶί,
323 1051 476 1089 cambr.
512 1050 609 1089 hod.
644 1049 808 1102 tafawd
836 1049 1033 1102 (lingua).
1078 1036 1167 1098 ET,
1194 1035 1269 1098 lT,
1296 1036 1374 1090 sJT
1404 1050 1448 1089 in
1479 1065 1648 1090 enume-

107 1120 207 1160 ratis
238 1119 438 1172 exemplis
469 1119 677 1171 aliquibus
708 1125 906 1171 poterunt
937 1118 1093 1170 quaeri,
1120 1119 1191 1158 sed
1211 1119 1256 1158 in
1278 1119 1444 1172 quibus,
1466 1120 1536 1159 vix
1558 1135 1648 1160 eru-

109 1190 267 1228 endum
296 1188 387 1228 erit.
431 1189 559 1240 Apud
581 1188 871 1227 Ptolemaeum
903 1187 1070 1240 scriptio
1099 1203 1173 1243 -ητ
1199 1189 1419 1228 nominum
1447 1190 1648 1230 derivato-

109 1273 217 1306 rum,
250 1273 286 1297 e.
310 1272 372 1310 gr.
397 1258 614 1312 Δημῆται,
646 1258 865 1311 Νειιιῆται,
890 1264 1082 1309 suspecta
1113 1271 1200 1297 esse
1231 1259 1366 1306 debet,
1392 1273 1523 1310 quum
1554 1259 1650 1312 quia

108 1328 221 1380 apud
256 1334 439 1365 vetustos
471 1326 581 1379 ipsos
610 1326 735 1365 etiam
764 1340 844 1365 -ετ
873 1325 992 1365 obvia
1023 1333 1106 1374 est,
1140 1334 1188 1366 ut
1217 1329 1328 1380 apud
1360 1327 1650 1368 Ptolemaeum

108 1396 247 1449 ipsum
274 1390 701 1448 Αὖγοι-στονέμετον,
728 1396 839 1447 apud
864 1394 1112 1434 Strabonem
1131 1391 1442 1449 Δρυιάίμετον,
1467 1404 1508 1436 et
1538 1399 1650 1450 apud

111 1466 331 1505 Julianum
370 1462 583 1516 Nauae&
635 1472 725 1504 tum
759 1463 1001 1517 praesertim
1036 1465 1147 1517 quod
1183 1464 1440 1504 britannicae
1481 1465 1650 1518 linguae

109 1534 275 1575 dialecti
296 1533 500 1573 cambrica
522 1540 563 1573 et
585 1532 785 1573 armorica
805 1533 849 1572 in
869 1533 1110 1573 nominibus
1131 1533 1290 1581 ΛΥἱφηθί,
1315 1534 1480 1582 rVemet,
1505 1535 1652 1575 Dimet

109 1606 168 1657 (p.
198 1608 291 1642 100.
321 1606 418 1655 10⁶2)
449 1603 620 1643 nonnisi
658 1602 843 1642 vocalem
871 1609 1103 1655 correptam
1134 1602 1347 1642 exhibent.
1401 1603 1500 1643 Non
1531 1604 1650 1644 aliter

105 1673 382 1725 judicandum
412 1673 462 1711 de
491 1671 582 1711 aliis
611 1671 833 1724 ejusmodi:
868 1669 1084 1725 Καλῆται,
1114 1673 1343 1726 Ναμνῇται
1367 1672 1548 1723 (Galliae
1578 1688 1649 1726 po-

109 1742 217 1794 puli)
252 1741 387 1789 Pt01.‚
422 1737 622 1794 Σοῦδητα
661 1735 737 1795 ὄρη
769 1740 841 1791 (al.
875 1737 1087 1792 Σούόιτα)
1118 1741 1256 1789 Ptol„
1298 1738 1500 1796 sotssqu
1533 1738 1649 1797 (ἴλη)

110 1810 248 1850 Strab.
283 1810 412 1858 Ptol„
435 1805 675 1864 Ἐλουήτιοι
705 1810 815 1849 Ptol.
842 1809 957 1849 Plut.
982 1809 1064 1850 Dio
1095 1810 1231 1859 Cass.‚
1257 1812 1369 1863 apud
1401 1811 1650 1851 Strabonem

110 1879 211 1918 mire
232 1874 510 1933 Ἕλοτήττιοι.
553 1878 761 1918 Convenit
790 1892 886 1917 cum
916 1878 1208 1919 terminatione
1236 1880 1315 1919 hae
1336 1880 1550 1920 hibernica
1571 1882 1648 1920 sre-

110 1947 382 2000 quentissima
411 1947 711 2001 adjectivorum
732 1946 830 1995 -fflae,
847 1948 941 1996 '-de,
966 1955 1064 1988 ante
1092 1963 1218 2002 quam
1246 1950 1407 1990 vocales
1439 1958 1648 2003 correptae

113 2017 237 2056 elisae
258 2025 371 2056 sunt.
939 2067 949 2077 ,

222 2087 267 2138 d)
298 2086 546 2127 Accedentis
580 2093 595 2127 t
623 2101 719 2127 cum
750 2084 1024 2139 diphthongis
1052 2085 1137 2125 sive
1165 2088 1402 2140 geminatae
1424 2087 1649 2127 derivantis

110 2155 299 2208 exempla
329 2170 415 2196 non
443 2156 563 2197 obvia
593 2163 714 2196 sunt:
749 2169 796 2195 eo
826 2153 1108 2207 frequentiora
1139 2156 1406 2197 derivationis
1438 2171 1650 2198 connexae

110 2225 212 2271 N'1';
237 2231 418 2277 suntque
440 2225 565 2265 etiam
587 2224 865 2265 derivantium
889 2223 972 2272 ST,
998 2224 1086 2263 CT.

223 2294 303 2334 NT
324 2293 595 2346 praemittens
617 2294 776 2333 vocales
799 2300 1007 2346 correptas
1029 2307 1187 2333 omnes.
1226 2294 1372 2335 ANT:
1398 2294 1649 2337 Νοουάνται

112 2365 226 2416 (pop.
262 2362 389 2413 Brit.)
420 2362 531 2401 Ptol.
571 2362 848 2403 Trinobantes
890 2361 1055 2413 (Brit.)
1088 2362 1208 2401 Caes.
1248 2364 1470 2417 Brigantes
1501 2366 1648 2417 (Brit.)

113 2432 223 2471 l‘tol.
250 2432 348 2470 Tac.
372 2428 591 2470 Δεκάνται
614 2433 728 2484 (pop.
751 2431 902 2482 Brit),
930 2432 968 2468 Γ
967 2428 1288 2484 αβᾪαντουΐκων
1309 2431 1513 2485 (κόλπος,
1538 2435 1644 2474 Brit.

113 2500 271 2551 sinus),
298 2496 652 2554 Καρβαντόριγον
673 2499 831 2553 (oppid.
857 2498 986 2550 Brit.)
1011 2500 1121 2539 Ptol.
1166 2501 1324 2540 Eadem
1352 2502 1396 2541 in
1425 2502 1557 2541 mixta
1586 2504 1650 2542 vel

114 2569 337 2622 multiplici
354 2568 608 2609 derivatione
623 2583 630 2607 :
648 2569 927 2608 Meduantum
941 2569 1009 2620 (ad
1028 2570 1191 2608 Mosam
1205 2584 1215 2616 ;
1236 2570 1288 2609 ef.
1304 2571 1529 2611 Medoacus
1546 2572 1646 2611 fluv.

116 2638 211 2677 Ital.
243 2647 403 2690 super.)
427 2638 530 2677 Tab.
556 2638 606 2677 P.
638 2633 882 2691 Σεγαντίων
909 2635 1076 2693 (λιμήν,
1109 2646 1216 2691 port.
1251 2638 1378 2690 Brit.)
1402 2640 1512 2679 Ptol.
1560 2642 1650 2680 Bri-

112 2705 269 2758 gantia,
294 2705 408 2745 lacus
431 2705 705 2759 Brigantinus
728 2708 890 2758 (Raet.)
914 2707 1026 2747 Plin.
1053 2707 1155 2747 Itin.
1189 2689 1427 2756 bau-antius,
1454 2710 1649 2750 Car-antia

114 2775 308 2828 Inscript.
336 2774 460 2815 Grut.
490 2778 611 2824 1038,
639 2780 676 2814 9.
705 2775 837 2816 Stein.
867 2780 932 2815 72.
963 2779 1055 2815 128.
1099 2775 1368 2816 (larantinius
1391 2777 1524 2817 Stein.
1553 2783 1647 2819 338.
