1963 3202
493 802 795 867 LIBER
856 803 1335 878 QUARTUS.

599 1081 701 1132 DE
757 1080 1229 1134 PARTICULIS.

259 1234 441 1274 Nomine
463 1234 761 1288 particularum
783 1235 1196 1289 comprehenduntur
1216 1243 1289 1276 aut
1304 1237 1474 1277 voculae
1491 1237 1683 1280 flexionis

146 1312 335 1356 expertes
364 1304 598 1358 primitivae
619 1312 660 1344 et
681 1305 926 1357 plerumque
949 1305 1119 1357 originis
1143 1307 1355 1355 obscurae,
1381 1313 1454 1346 aut
1475 1322 1594 1347 voces
1618 1309 1682 1348 vel

143 1372 344 1413 formulae
376 1388 427 1412 ex
456 1374 547 1413 aliis
577 1374 775 1414 orationis
801 1375 989 1427 partibus
1010 1374 1253 1428 praesertim
1274 1375 1442 1415 nomine
1464 1376 1619 1429 petitae
1641 1386 1683 1417 et

142 1441 252 1481 idem
282 1451 467 1495 agentes,
494 1443 650 1482 scilicet
683 1443 784 1483 alias
816 1458 933 1483 voces
959 1444 1203 1484 comitantes
1226 1452 1280 1493 et,
1307 1460 1411 1497 quae
1433 1445 1498 1484 his
1521 1460 1680 1486 earum-

141 1526 220 1564 que
249 1511 498 1552 flexionibus
536 1512 713 1566 exprimi
742 1528 827 1553 non
856 1521 1056 1567 possunt,
1091 1513 1223 1553 varias
1255 1514 1434 1558 rationes
1467 1515 1681 1556 subtiliore

140 1582 262 1621 modo
290 1581 522 1622 indicantes
555 1589 596 1621 et
626 1583 896 1636 complentes.
943 1584 1061 1626 Quae
1090 1583 1320 1636 particulae
1351 1584 1416 1623 vel
1438 1584 1592 1624 formae
1615 1600 1679 1624 ea-

137 1666 232 1690 rum
253 1651 340 1691 vice
362 1652 599 1705 fungentes,
625 1652 974 1705 praestantiorum
995 1653 1237 1705 praesertim
1257 1653 1440 1706 partium
1463 1654 1675 1703 orationis,

137 1720 319 1761 nominis
342 1729 382 1760 et
403 1721 530 1770 verbi,
557 1721 742 1769 comites,
770 1721 881 1761 varia
903 1721 1031 1774 igitur
1052 1730 1237 1775 agentes,
1259 1730 1332 1762 aut
1353 1723 1586 1763 accuratius
1609 1725 1676 1763 de-

137 1790 362 1829 scribentes
386 1790 502 1843 jutas
534 1805 668 1839 voces,
694 1798 767 1830 aut
795 1791 1057 1840 definientes,
1075 1785 1162 1832 'aut
1187 1792 1416 1845 jungentes
1446 1792 1512 1831 vel
1539 1792 1675 1846 dispa-

136 1867 290 1908 rantes,
312 1867 385 1899 aut
407 1860 676 1908 affirmantes,
700 1868 901 1913 negantes
924 1868 1020 1910 etex,
1042 1860 1219 1914 singulis
1239 1860 1365 1900 etiam
1381 1861 1587 1914 capitibus
1606 1863 1674 1901 de-

134 1929 373 1969 scribendae
400 1937 499 1969 sunt
520 1930 751 1969 secundum
773 1929 964 1970 codicum
984 1938 1223 1971 nostrorum
1245 1937 1285 1970 et
1305 1939 1675 1971 monumentorum

135 1998 409 2039 vetustiorum
431 1999 735 2040 auctoritatem.

608 2309 836 2354 CAPUT
881 2309 1181 2354 PRIMUM.

711 2443 786 2487 De
824 2442 1077 2487 adverbiis.

238 2572 460 2621 Adverbia,
482 2573 622 2612 addita
645 2572 778 2612 verbis
801 2580 847 2612 ut
870 2572 1072 2625 adjectiva
1095 2573 1383 2620 substantivis,
1405 2580 1568 2624 praeter
1584 2572 1665 2625 pri-

127 2640 271 2680 mitiva
307 2650 406 2681 sunt
441 2642 669 2695 plurimum
706 2657 757 2681 ex
795 2642 1007 2695 adjectivis
1048 2650 1185 2681 sumta
1215 2641 1259 2680 in
1287 2641 1452 2694 propria
1482 2656 1556 2694 pro
1587 2642 1664 2681 hoc

125 2724 296 2749 munere
328 2712 472 2751 forma.
520 2712 583 2750 l³it
616 2720 755 2751 tamen
784 2726 830 2750 ea
861 2711 1036 2763 adjectio
1067 2712 1118 2750 ad
1149 2711 1321 2749 verbum
1344 2709 1489 2754 (rarior
1521 2718 1583 2749 est
1614 2712 1665 2749 ad

123 2780 373 2831 adjectivum
412 2781 475 2819 vel
504 2781 745 2820 adverbium
775 2780 907 2831 aliud)
939 2781 1064 2820 etiam
1094 2779 1280 2819 formulis
1312 2778 1585 2830 quibusdum,
1622 2779 1663 2818 iu

192 2854 273 2878 voL.
296 2846 343 2878 11.
1340 2853 1388 2883 ὀύ
