<?xml version="1.0" encoding="UTF-8"?>
<!DOCTYPE html PUBLIC "-//W3C//DTD XHTML 1.0 Transitional//EN"
    "http://www.w3.org/TR/xhtml1/DTD/xhtml1-transitional.dtd">
<html xmlns="http://www.w3.org/1999/xhtml" xml:lang="en" lang="en">
 <head>
  <title>
</title>
<meta http-equiv="Content-Type" content="text/html;charset=utf-8" />
  <meta name='ocr-system' content='tesseract 3.04.00' />
  <meta name='ocr-capabilities' content='ocr_page ocr_carea ocr_par ocr_line ocrx_word'/>
</head>
<body>
  <div class='ocr_page' id='page_1' title='image "./grammaticaceltic02zeusuoft_0253.png"; bbox 0 0 1963 3202; ppageno 0'>
   <div class='ocr_carea' id='block_1_1' title="bbox 0 103 7 270">
    <p class='ocr_par' dir='ltr' id='par_1_1' title="bbox 0 103 7 270">
     <span class='ocr_line' id='line_1_1' title="bbox 0 103 7 270; textangle 90"><span class='ocrx_word' id='word_1_1' title='bbox 0 103 7 270; x_wconf 51' lang='grc' dir='ltr'><strong>Ἡ-</strong></span> 
     </span>
    </p>
   </div>
   <div class='ocr_carea' id='block_1_2' title="bbox 420 125 1707 168">
    <p class='ocr_par' dir='ltr' id='par_1_2' title="bbox 420 125 1707 168">
     <span class='ocr_line' id='line_1_2' title="bbox 420 125 1707 168; baseline -0.002 -2"><span class='ocrx_word' id='word_1_2' title='bbox 420 127 473 166; x_wconf 87' lang='lat' dir='ltr'><strong>V.</strong></span> <span class='ocrx_word' id='word_1_3' title='bbox 504 131 539 166; x_wconf 90' lang='lat'><strong>1.</strong></span> <span class='ocrx_word' id='word_1_4' title='bbox 590 138 831 166; x_wconf 62' lang='lat' dir='ltr'><strong>DERn&#39;ATIo</strong></span> <span class='ocrx_word' id='word_1_5' title='bbox 853 138 1124 165; x_wconf 71' lang='lat' dir='ltr'>BRITANNJCA</span> <span class='ocrx_word' id='word_1_6' title='bbox 1148 138 1447 168; x_wconf 58' lang='lat' dir='ltr'><strong>momontum.</strong></span> <span class='ocrx_word' id='word_1_7' title='bbox 1627 125 1707 164; x_wconf 83' lang='lat'><strong>795</strong></span> 
     </span>
    </p>
   </div>
   <div class='ocr_carea' id='block_1_3' title="bbox 162 236 1707 364">
    <p class='ocr_par' dir='ltr' id='par_1_3' title="bbox 162 236 1707 364">
     <span class='ocr_line' id='line_1_3' title="bbox 167 236 1707 291; baseline -0.001 -12"><span class='ocrx_word' id='word_1_8' title='bbox 167 240 330 279; x_wconf 72' lang='lat' dir='ltr'><strong>loseecm</strong></span> <span class='ocrx_word' id='word_1_9' title='bbox 361 238 530 290; x_wconf 83' lang='lat' dir='ltr'><strong>(cauda)</strong></span> <span class='ocrx_word' id='word_1_10' title='bbox 552 238 655 290; x_wconf 86' lang='lat' dir='ltr'><strong>Leg.</strong></span> <span class='ocrx_word' id='word_1_11' title='bbox 683 239 721 275; x_wconf 88' lang='lat'><strong>2.</strong></span> <span class='ocrx_word' id='word_1_12' title='bbox 751 241 788 276; x_wconf 86' lang='lat'><strong>1.</strong></span> <span class='ocrx_word' id='word_1_13' title='bbox 816 239 882 284; x_wconf 85' lang='lat'><strong>27,</strong></span> <span class='ocrx_word' id='word_1_14' title='bbox 918 236 1109 276; x_wconf 75' lang='lat' dir='ltr'><strong>llosewrn</strong></span> <span class='ocrx_word' id='word_1_15' title='bbox 1131 236 1248 289; x_wconf 83' lang='lat' dir='ltr'><strong>(hod.</strong></span> <span class='ocrx_word' id='word_1_16' title='bbox 1275 237 1494 291; x_wconf 49' lang='lat' dir='ltr'><strong>llosqwrn,</strong></span> <span class='ocrx_word' id='word_1_17' title='bbox 1528 237 1586 290; x_wconf 91' lang='lat' dir='ltr'><strong>pl.</strong></span> <span class='ocrx_word' id='word_1_18' title='bbox 1613 237 1707 278; x_wconf 82' lang='lat' dir='ltr'><strong>llos-</strong></span> 
     </span>
     <span class='ocr_line' id='line_1_4' title="bbox 162 309 673 364; baseline -0.008 -15"><span class='ocrx_word' id='word_1_19' title='bbox 162 311 346 364; x_wconf 71' lang='lat' dir='ltr'><strong>qyrnaec)</strong></span> <span class='ocrx_word' id='word_1_20' title='bbox 370 309 484 348; x_wconf 81' lang='lat' dir='ltr'><strong>Mab.</strong></span> <span class='ocrx_word' id='word_1_21' title='bbox 515 312 551 356; x_wconf 90' lang='lat'><strong>1,</strong></span> <span class='ocrx_word' id='word_1_22' title='bbox 579 311 673 346; x_wconf 89' lang='lat'><strong>271.</strong></span> 
     </span>
    </p>
   </div>
   <div class='ocr_carea' id='block_1_4' title="bbox 162 516 1713 2877">
    <p class='ocr_par' dir='ltr' id='par_1_4' title="bbox 162 516 1709 1063">
     <span class='ocr_line' id='line_1_5' title="bbox 276 516 1709 572; baseline 0 -13"><span class='ocrx_word' id='word_1_23' title='bbox 276 520 317 559; x_wconf 86' lang='lat' dir='ltr'>R</span> <span class='ocrx_word' id='word_1_24' title='bbox 346 518 536 559; x_wconf 79' lang='lat' dir='ltr'><strong>derivans</strong></span> <span class='ocrx_word' id='word_1_25' title='bbox 567 516 801 558; x_wconf 85' lang='lat' dir='ltr'><strong>britannica</strong></span> <span class='ocrx_word' id='word_1_26' title='bbox 832 519 876 569; x_wconf 80' lang='grc' dir='ltr'><strong>α)</strong></span> <span class='ocrx_word' id='word_1_27' title='bbox 907 517 959 556; x_wconf 84' lang='lat' dir='ltr'><strong>ad</strong></span> <span class='ocrx_word' id='word_1_28' title='bbox 987 517 1169 558; x_wconf 86' lang='lat' dir='ltr'><strong>radicem</strong></span> <span class='ocrx_word' id='word_1_29' title='bbox 1198 518 1263 558; x_wconf 87' lang='lat' dir='ltr'><strong>vel</strong></span> <span class='ocrx_word' id='word_1_30' title='bbox 1295 518 1596 559; x_wconf 75' lang='lat' dir='ltr'>derivationem</span> <span class='ocrx_word' id='word_1_31' title='bbox 1620 519 1709 572; x_wconf 83' lang='lat' dir='ltr'><strong>jam</strong></span> 
     </span>
     <span class='ocr_line' id='line_1_6' title="bbox 162 586 1709 643; baseline 0 -14"><span class='ocrx_word' id='word_1_32' title='bbox 162 590 480 643; x_wconf 75' lang='lat' dir='ltr'><strong>praecedentem</strong></span> <span class='ocrx_word' id='word_1_33' title='bbox 509 586 666 627; x_wconf 84' lang='lat' dir='ltr'><strong>accedit</strong></span> <span class='ocrx_word' id='word_1_34' title='bbox 695 586 780 626; x_wconf 79' lang='lat' dir='ltr'><strong>sola</strong></span> <span class='ocrx_word' id='word_1_35' title='bbox 813 602 887 640; x_wconf 87' lang='lat' dir='ltr'><strong>per</strong></span> <span class='ocrx_word' id='word_1_36' title='bbox 918 601 974 635; x_wconf 84' lang='lat' dir='ltr'><strong>se,</strong></span> <span class='ocrx_word' id='word_1_37' title='bbox 1003 595 1047 627; x_wconf 88' lang='lat' dir='ltr'><strong>ut</strong></span> <span class='ocrx_word' id='word_1_38' title='bbox 1069 595 1226 628; x_wconf 81' lang='lat' dir='ltr'><strong>ceterae</strong></span> <span class='ocrx_word' id='word_1_39' title='bbox 1248 589 1445 642; x_wconf 80' lang='lat' dir='ltr'><strong>liquidae,</strong></span> <span class='ocrx_word' id='word_1_40' title='bbox 1466 589 1555 643; x_wconf 86' lang='lat' dir='ltr'><strong>jam</strong></span> <span class='ocrx_word' id='word_1_41' title='bbox 1576 589 1618 628; x_wconf 89' lang='lat' dir='ltr'><strong>in</strong></span> <span class='ocrx_word' id='word_1_42' title='bbox 1643 604 1709 628; x_wconf 89' lang='lat' dir='ltr'><strong>vc-</strong></span> 
     </span>
     <span class='ocr_line' id='line_1_7' title="bbox 164 657 1706 712; baseline 0 -14"><span class='ocrx_word' id='word_1_43' title='bbox 164 667 275 699; x_wconf 85' lang='lat' dir='ltr'><strong>tusta</strong></span> <span class='ocrx_word' id='word_1_44' title='bbox 296 659 441 712; x_wconf 78' lang='lat' dir='ltr'><strong>lingua</strong></span> <span class='ocrx_word' id='word_1_45' title='bbox 463 657 688 697; x_wconf 80' lang='lat' dir='ltr'><strong>canibrica:</strong></span> <span class='ocrx_word' id='word_1_46' title='bbox 717 658 820 696; x_wconf 80' lang='lat' dir='ltr'><strong>cadr</strong></span> <span class='ocrx_word' id='word_1_47' title='bbox 842 657 1051 709; x_wconf 84' lang='lat' dir='ltr'><strong>(decorus)</strong></span> <span class='ocrx_word' id='word_1_48' title='bbox 1073 658 1130 709; x_wconf 79' lang='lat' dir='ltr'><strong>gl.</strong></span> <span class='ocrx_word' id='word_1_49' title='bbox 1154 659 1260 698; x_wconf 80' lang='lat' dir='ltr'><strong>be.</strong></span> <span class='ocrx_word' id='word_1_50' title='bbox 1283 659 1435 712; x_wconf 67' lang='lat' dir='ltr'><strong>quidet·</strong></span> <span class='ocrx_word' id='word_1_51' title='bbox 1457 662 1530 709; x_wconf 83' lang='lat'><strong>(=</strong></span> <span class='ocrx_word' id='word_1_52' title='bbox 1550 660 1706 699; x_wconf 83' lang='lat' dir='ltr'><strong>cambr.</strong></span> 
     </span>
     <span class='ocr_line' id='line_1_8' title="bbox 163 726 1706 783; baseline 0.001 -15"><span class='ocrx_word' id='word_1_53' title='bbox 163 729 260 769; x_wconf 92' lang='lat' dir='ltr'><strong>hod.</strong></span> <span class='ocrx_word' id='word_1_54' title='bbox 283 729 500 783; x_wconf 68' lang='lat' dir='ltr'><strong>yzcgsehyr)</strong></span> <span class='ocrx_word' id='word_1_55' title='bbox 523 727 565 766; x_wconf 87' lang='lat' dir='ltr'><strong>in</strong></span> <span class='ocrx_word' id='word_1_56' title='bbox 589 726 811 780; x_wconf 85' lang='lat' dir='ltr'><strong>alphabeto</strong></span> <span class='ocrx_word' id='word_1_57' title='bbox 833 727 990 766; x_wconf 77' lang='lat' dir='ltr'><strong>Nemn.</strong></span> <span class='ocrx_word' id='word_1_58' title='bbox 1013 729 1214 767; x_wconf 74' lang='lat' dir='ltr'><strong>camdubr</strong></span> <span class='ocrx_word' id='word_1_59' title='bbox 1235 733 1379 780; x_wconf 82' lang='lat' dir='ltr'><strong>(curva</strong></span> <span class='ocrx_word' id='word_1_60' title='bbox 1401 732 1526 782; x_wconf 85' lang='lat' dir='ltr'><strong>aqua)</strong></span> <span class='ocrx_word' id='word_1_61' title='bbox 1549 729 1593 769; x_wconf 89' lang='lat' dir='ltr'><strong>in</strong></span> <span class='ocrx_word' id='word_1_62' title='bbox 1615 730 1706 769; x_wconf 87' lang='lat' dir='ltr'><strong>cod.</strong></span> 
     </span>
     <span class='ocr_line' id='line_1_9' title="bbox 163 797 1707 854; baseline 0 -15"><span class='ocrx_word' id='word_1_63' title='bbox 163 799 319 848; x_wconf 62' lang='lat' dir='ltr'><strong>Lichf„</strong></span> <span class='ocrx_word' id='word_1_64' title='bbox 345 813 526 852; x_wconf 84' lang='lat' dir='ltr'><strong>compos.</strong></span> <span class='ocrx_word' id='word_1_65' title='bbox 553 811 648 837; x_wconf 88' lang='lat' dir='ltr'><strong>cum</strong></span> <span class='ocrx_word' id='word_1_66' title='bbox 671 797 802 837; x_wconf 86' lang='lat' dir='ltr'><strong>subst.</strong></span> <span class='ocrx_word' id='word_1_67' title='bbox 829 797 950 846; x_wconf 64' lang='lat' dir='ltr'><strong>decbr,</strong></span> <span class='ocrx_word' id='word_1_68' title='bbox 977 799 1087 850; x_wconf 88' lang='lat' dir='ltr'><strong>quod</strong></span> <span class='ocrx_word' id='word_1_69' title='bbox 1108 805 1169 838; x_wconf 85' lang='lat' dir='ltr'><strong>est</strong></span> <span class='ocrx_word' id='word_1_70' title='bbox 1191 798 1235 838; x_wconf 83' lang='lat' dir='ltr'><strong>in</strong></span> <span class='ocrx_word' id='word_1_71' title='bbox 1258 800 1373 839; x_wconf 79' lang='lat' dir='ltr'><strong>Mab.</strong></span> <span class='ocrx_word' id='word_1_72' title='bbox 1401 801 1558 854; x_wconf 71' lang='lat' dir='ltr'><strong>(lafyr,</strong></span> <span class='ocrx_word' id='word_1_73' title='bbox 1579 800 1707 853; x_wconf 68' lang='lat' dir='ltr'><strong>clujfr,</strong></span> 
     </span>
     <span class='ocr_line' id='line_1_10' title="bbox 162 867 1707 924; baseline 0 -15"><span class='ocrx_word' id='word_1_74' title='bbox 162 869 285 909; x_wconf 82' lang='lat' dir='ltr'><strong>hodie</strong></span> <span class='ocrx_word' id='word_1_75' title='bbox 308 870 410 909; x_wconf 59' lang='lat' dir='ltr'><strong>dier.</strong></span> <span class='ocrx_word' id='word_1_76' title='bbox 447 869 513 908; x_wconf 84' lang='lat' dir='ltr'><strong>Ita</strong></span> <span class='ocrx_word' id='word_1_77' title='bbox 530 875 569 907; x_wconf 85' lang='lat' dir='ltr'><strong>et</strong></span> <span class='ocrx_word' id='word_1_78' title='bbox 588 867 631 906; x_wconf 88' lang='lat' dir='ltr'><strong>in</strong></span> <span class='ocrx_word' id='word_1_79' title='bbox 650 867 765 906; x_wconf 85' lang='lat' dir='ltr'><strong>Mab.</strong></span> <span class='ocrx_word' id='word_1_80' title='bbox 789 871 827 915; x_wconf 88' lang='lat'><strong>2,</strong></span> <span class='ocrx_word' id='word_1_81' title='bbox 851 870 928 906; x_wconf 74' lang='grc'>238</span> <span class='ocrx_word' id='word_1_82' title='bbox 947 882 1100 908; x_wconf 87' lang='lat' dir='ltr'><strong>nomen</strong></span> <span class='ocrx_word' id='word_1_83' title='bbox 1118 868 1195 908; x_wconf 85' lang='lat' dir='ltr'><strong>viri</strong></span> <span class='ocrx_word' id='word_1_84' title='bbox 1213 876 1275 908; x_wconf 80' lang='lat' dir='ltr'><strong>est</strong></span> <span class='ocrx_word' id='word_1_85' title='bbox 1291 869 1441 924; x_wconf 73' lang='lat' dir='ltr'><strong>kelydr</strong></span> <span class='ocrx_word' id='word_1_86' title='bbox 1457 878 1497 909; x_wconf 86' lang='lat' dir='ltr'><strong>et</strong></span> <span class='ocrx_word' id='word_1_87' title='bbox 1515 870 1707 924; x_wconf 68' lang='lat' dir='ltr'><strong>lfyledyr.</strong></span> 
     </span>
     <span class='ocr_line' id='line_1_11' title="bbox 163 937 1706 992; baseline 0 -14"><span class='ocrx_word' id='word_1_88' title='bbox 163 940 318 979; x_wconf 85' lang='lat' dir='ltr'><strong>Deesse</strong></span> <span class='ocrx_word' id='word_1_89' title='bbox 341 939 445 978; x_wconf 81' lang='lat' dir='ltr'><strong>solet</strong></span> <span class='ocrx_word' id='word_1_90' title='bbox 466 937 618 977; x_wconf 76' lang='lat' dir='ltr'><strong>vocalis</strong></span> <span class='ocrx_word' id='word_1_91' title='bbox 641 945 738 977; x_wconf 82' lang='lat' dir='ltr'><strong>ante</strong></span> <span class='ocrx_word' id='word_1_92' title='bbox 760 951 782 976; x_wconf 71' lang='grc' dir='ltr'><em>ν</em></span> <span class='ocrx_word' id='word_1_93' title='bbox 803 938 1024 977; x_wconf 79' lang='lat' dir='ltr'><strong>accedente</strong></span> <span class='ocrx_word' id='word_1_94' title='bbox 1045 938 1247 978; x_wconf 78' lang='lat' dir='ltr'><strong>flexione:</strong></span> <span class='ocrx_word' id='word_1_95' title='bbox 1276 939 1412 980; x_wconf 67' lang='lat' dir='ltr'><strong>llestri</strong></span> <span class='ocrx_word' id='word_1_96' title='bbox 1432 942 1571 989; x_wconf 81' lang='lat' dir='ltr'><strong>(vasa3</strong></span> <span class='ocrx_word' id='word_1_97' title='bbox 1597 939 1706 992; x_wconf 82' lang='lat' dir='ltr'><strong>sing.</strong></span> 
     </span>
     <span class='ocr_line' id='line_1_12' title="bbox 165 1007 1641 1063; baseline 0 -15"><span class='ocrx_word' id='word_1_98' title='bbox 165 1009 343 1063; x_wconf 73' lang='lat' dir='ltr'><strong>lleslgsr)‚</strong></span> <span class='ocrx_word' id='word_1_99' title='bbox 369 1008 586 1062; x_wconf 60' lang='lat' dir='ltr'><strong>luebyslreu</strong></span> <span class='ocrx_word' id='word_1_100' title='bbox 608 1007 828 1061; x_wconf 79' lang='lat' dir='ltr'><strong>(capistra3</strong></span> <span class='ocrx_word' id='word_1_101' title='bbox 855 1007 962 1061; x_wconf 84' lang='lat' dir='ltr'><strong>sing.</strong></span> <span class='ocrx_word' id='word_1_102' title='bbox 989 1008 1163 1060; x_wconf 70' lang='lat' dir='ltr'><strong>cepz&#39;ster</strong></span> <span class='ocrx_word' id='word_1_103' title='bbox 1183 1009 1240 1062; x_wconf 83' lang='lat' dir='ltr'><strong>gl.</strong></span> <span class='ocrx_word' id='word_1_104' title='bbox 1267 1010 1372 1061; x_wconf 85' lang='lat' dir='ltr'>Ox.)</span> <span class='ocrx_word' id='word_1_105' title='bbox 1397 1010 1512 1049; x_wconf 68' lang='lat' dir='ltr'><strong>Mab.</strong></span> <span class='ocrx_word' id='word_1_106' title='bbox 1539 1010 1641 1062; x_wconf 83' lang='lat' dir='ltr'><strong>Leg.</strong></span> 
     </span>
    </p>

    <p class='ocr_par' dir='ltr' id='par_1_5' title="bbox 163 1077 1713 1957">
     <span class='ocr_line' id='line_1_13' title="bbox 277 1077 1706 1133; baseline 0 -15"><span class='ocrx_word' id='word_1_107' title='bbox 277 1080 330 1118; x_wconf 91' lang='lat' dir='ltr'><strong>In</strong></span> <span class='ocrx_word' id='word_1_108' title='bbox 362 1077 572 1118; x_wconf 78' lang='lat' dir='ltr'><strong>armoricis</strong></span> <span class='ocrx_word' id='word_1_109' title='bbox 604 1077 844 1117; x_wconf 86' lang='lat' dir='ltr'><strong>nominibus</strong></span> <span class='ocrx_word' id='word_1_110' title='bbox 879 1077 1054 1117; x_wconf 78' lang='lat' dir='ltr'><strong>vetustis</strong></span> <span class='ocrx_word' id='word_1_111' title='bbox 1085 1079 1228 1119; x_wconf 84' lang='lat' dir='ltr'><strong>eadem</strong></span> <span class='ocrx_word' id='word_1_112' title='bbox 1260 1080 1429 1133; x_wconf 87' lang='lat' dir='ltr'><strong>scriptio</strong></span> <span class='ocrx_word' id='word_1_113' title='bbox 1451 1079 1644 1128; x_wconf 82' lang='lat' dir='ltr'><strong>occurrit,</strong></span> <span class='ocrx_word' id='word_1_114' title='bbox 1670 1093 1706 1119; x_wconf 91' lang='lat' dir='ltr'><strong>e.</strong></span> 
     </span>
     <span class='ocr_line' id='line_1_14' title="bbox 167 1147 1710 1202; baseline 0.001 -14"><span class='ocrx_word' id='word_1_115' title='bbox 167 1164 228 1202; x_wconf 80' lang='lat' dir='ltr'><strong>gr.</strong></span> <span class='ocrx_word' id='word_1_116' title='bbox 254 1149 298 1188; x_wconf 91' lang='lat' dir='ltr'><strong>in</strong></span> <span class='ocrx_word' id='word_1_117' title='bbox 321 1148 499 1187; x_wconf 81' lang='lat' dir='ltr'><strong>chartul.</strong></span> <span class='ocrx_word' id='word_1_118' title='bbox 527 1147 721 1186; x_wconf 86' lang='lat' dir='ltr'><strong>Rhedon.</strong></span> <span class='ocrx_word' id='word_1_119' title='bbox 747 1147 791 1186; x_wconf 91' lang='lat' dir='ltr'><strong>in</strong></span> <span class='ocrx_word' id='word_1_120' title='bbox 813 1147 984 1187; x_wconf 83' lang='lat' dir='ltr'><strong>nornine</strong></span> <span class='ocrx_word' id='word_1_121' title='bbox 1005 1148 1123 1187; x_wconf 78' lang='lat' dir='ltr'><strong>fluvii</strong></span> <span class='ocrx_word' id='word_1_122' title='bbox 1143 1151 1228 1189; x_wconf 75' lang='lat' dir='ltr'><strong>Alr</strong></span> <span class='ocrx_word' id='word_1_123' title='bbox 1250 1151 1359 1190; x_wconf 86' lang='lat' dir='ltr'><strong>Mor.</strong></span> <span class='ocrx_word' id='word_1_124' title='bbox 1388 1155 1483 1199; x_wconf 84' lang='lat'>300,</span> <span class='ocrx_word' id='word_1_125' title='bbox 1510 1158 1551 1191; x_wconf 87' lang='lat' dir='ltr'><strong>et</strong></span> <span class='ocrx_word' id='word_1_126' title='bbox 1572 1151 1616 1189; x_wconf 92' lang='lat' dir='ltr'><strong>in</strong></span> <span class='ocrx_word' id='word_1_127' title='bbox 1637 1164 1710 1189; x_wconf 83' lang='lat'>110-</span> 
     </span>
     <span class='ocr_line' id='line_1_15' title="bbox 164 1216 1706 1268; baseline 0 -10"><span class='ocrx_word' id='word_1_128' title='bbox 164 1219 348 1258; x_wconf 79' lang='lat' dir='ltr'><strong>minibus</strong></span> <span class='ocrx_word' id='word_1_129' title='bbox 371 1218 554 1257; x_wconf 75' lang='lat' dir='ltr'><strong>virorum</strong></span> <span class='ocrx_word' id='word_1_130' title='bbox 575 1216 844 1257; x_wconf 61' lang='lat' dir='ltr'><strong>Bellen-(datr</strong></span> <span class='ocrx_word' id='word_1_131' title='bbox 870 1222 905 1266; x_wconf 92' lang='grc'>1,</span> <span class='ocrx_word' id='word_1_132' title='bbox 933 1223 971 1256; x_wconf 88' lang='grc'><strong>9.</strong></span> <span class='ocrx_word' id='word_1_133' title='bbox 999 1218 1108 1257; x_wconf 87' lang='lat' dir='ltr'><strong>Mor.</strong></span> <span class='ocrx_word' id='word_1_134' title='bbox 1132 1223 1226 1268; x_wconf 81' lang='grc'>293,</span> <span class='ocrx_word' id='word_1_135' title='bbox 1252 1221 1552 1260; x_wconf 72' lang='lat' dir='ltr'><strong>Redwalatrus</strong></span> <span class='ocrx_word' id='word_1_136' title='bbox 1577 1224 1616 1268; x_wconf 90' lang='grc'><strong>2,</strong></span> <span class='ocrx_word' id='word_1_137' title='bbox 1639 1224 1706 1268; x_wconf 87' lang='grc'><strong>23,</strong></span> 
     </span>
     <span class='ocr_line' id='line_1_16' title="bbox 165 1287 1707 1344; baseline 0.001 -16"><span class='ocrx_word' id='word_1_138' title='bbox 165 1289 430 1329; x_wconf 66' lang='lat' dir='ltr'><strong>Riecalalrus</strong></span> <span class='ocrx_word' id='word_1_139' title='bbox 453 1293 488 1337; x_wconf 86' lang='lat'><strong>1,</strong></span> <span class='ocrx_word' id='word_1_140' title='bbox 510 1292 555 1326; x_wconf 76' lang='lat'><strong>14</strong></span> <span class='ocrx_word' id='word_1_141' title='bbox 576 1287 830 1339; x_wconf 77' lang='lat' dir='ltr'><strong>compositis,</strong></span> <span class='ocrx_word' id='word_1_142' title='bbox 847 1294 893 1326; x_wconf 88' lang='lat' dir='ltr'><strong>ut</strong></span> <span class='ocrx_word' id='word_1_143' title='bbox 911 1288 1065 1327; x_wconf 82' lang='lat' dir='ltr'><strong>cambr.</strong></span> <span class='ocrx_word' id='word_1_144' title='bbox 1097 1290 1374 1344; x_wconf 69' lang='lat' dir='ltr'><strong>Occlqmtlasyr</strong></span> <span class='ocrx_word' id='word_1_145' title='bbox 1390 1290 1434 1330; x_wconf 90' lang='lat' dir='ltr'><strong>in</strong></span> <span class='ocrx_word' id='word_1_146' title='bbox 1452 1290 1556 1330; x_wconf 90' lang='lat' dir='ltr'><strong>libro</strong></span> <span class='ocrx_word' id='word_1_147' title='bbox 1572 1291 1707 1330; x_wconf 85' lang='lat' dir='ltr'><strong>Land.</strong></span> 
     </span>
     <span class='ocr_line' id='line_1_17' title="bbox 169 1357 1713 1413; baseline 0.002 -16"><span class='ocrx_word' id='word_1_148' title='bbox 169 1363 262 1397; x_wconf 70' lang='grc'>124.</span> <span class='ocrx_word' id='word_1_149' title='bbox 308 1359 475 1397; x_wconf 87' lang='lat' dir='ltr'><strong>Horum</strong></span> <span class='ocrx_word' id='word_1_150' title='bbox 504 1372 585 1397; x_wconf 71' lang='lat' dir='ltr'><strong>vox</strong></span> <span class='ocrx_word' id='word_1_151' title='bbox 612 1357 814 1410; x_wconf 76' lang='lat' dir='ltr'><strong>posterior</strong></span> <span class='ocrx_word' id='word_1_152' title='bbox 838 1358 1013 1411; x_wconf 69' lang='grc' dir='ltr'><em>φααῖαίν</em></span> <span class='ocrx_word' id='word_1_153' title='bbox 1035 1360 1139 1410; x_wconf 83' lang='lat' dir='ltr'><strong>(rex,</strong></span> <span class='ocrx_word' id='word_1_154' title='bbox 1171 1360 1443 1412; x_wconf 79' lang='lat' dir='ltr'><strong>gubernator)</strong></span> <span class='ocrx_word' id='word_1_155' title='bbox 1466 1360 1510 1399; x_wconf 90' lang='lat' dir='ltr'><strong>in</strong></span> <span class='ocrx_word' id='word_1_156' title='bbox 1537 1360 1713 1413; x_wconf 70' lang='lat' dir='ltr'><strong>yeccclczrt</strong></span> 
     </span>
     <span class='ocr_line' id='line_1_18' title="bbox 163 1427 1713 1484; baseline 0.001 -16"><span class='ocrx_word' id='word_1_157' title='bbox 163 1428 457 1468; x_wconf 82' lang='lat' dir='ltr'><strong>transformata</strong></span> <span class='ocrx_word' id='word_1_158' title='bbox 502 1427 715 1466; x_wconf 84' lang='lat' dir='ltr'><strong>invenitur</strong></span> <span class='ocrx_word' id='word_1_159' title='bbox 750 1427 795 1466; x_wconf 89' lang='lat' dir='ltr'><strong>in</strong></span> <span class='ocrx_word' id='word_1_160' title='bbox 840 1438 1016 1481; x_wconf 86' lang='lat' dir='ltr'><strong>utraque</strong></span> <span class='ocrx_word' id='word_1_161' title='bbox 1052 1428 1220 1482; x_wconf 75' lang='lat' dir='ltr'><strong>lingua:</strong></span> <span class='ocrx_word' id='word_1_162' title='bbox 1262 1431 1416 1470; x_wconf 82' lang='lat' dir='ltr'><strong>cambr.</strong></span> <span class='ocrx_word' id='word_1_163' title='bbox 1461 1430 1713 1484; x_wconf 68' lang='lat' dir='ltr'><strong>C&#39;cztyualart</strong></span> 
     </span>
     <span class='ocr_line' id='line_1_19' title="bbox 163 1497 1713 1552; baseline 0.001 -13"><span class='ocrx_word' id='word_1_164' title='bbox 163 1499 321 1540; x_wconf 87' lang='lat' dir='ltr'><strong>Chron.</strong></span> <span class='ocrx_word' id='word_1_165' title='bbox 356 1499 510 1537; x_wconf 74' lang='lat' dir='ltr'><strong>(ambr.</strong></span> <span class='ocrx_word' id='word_1_166' title='bbox 541 1498 585 1536; x_wconf 87' lang='lat' dir='ltr'><strong>in</strong></span> <span class='ocrx_word' id='word_1_167' title='bbox 614 1497 743 1550; x_wconf 83' lang='lat' dir='ltr'><strong>praef.</strong></span> <span class='ocrx_word' id='word_1_168' title='bbox 777 1498 829 1537; x_wconf 89' lang='lat' dir='ltr'><strong>ad</strong></span> <span class='ocrx_word' id='word_1_169' title='bbox 861 1499 926 1537; x_wconf 88' lang='lat' dir='ltr'><strong>ed.</strong></span> <span class='ocrx_word' id='word_1_170' title='bbox 954 1499 1056 1551; x_wconf 77' lang='lat' dir='ltr'><strong>ch.</strong></span> <span class='ocrx_word' id='word_1_171' title='bbox 1081 1513 1123 1552; x_wconf 87' lang='lat' dir='ltr'><strong>p.</strong></span> <span class='ocrx_word' id='word_1_172' title='bbox 1151 1500 1228 1548; x_wconf 87' lang='lat' dir='ltr'><strong>IV,</strong></span> <span class='ocrx_word' id='word_1_173' title='bbox 1261 1514 1410 1539; x_wconf 84' lang='lat' dir='ltr'><strong>armor.</strong></span> <span class='ocrx_word' id='word_1_174' title='bbox 1443 1500 1713 1540; x_wconf 73' lang='lat' dir='ltr'><strong>Rethwalart</strong></span> 
     </span>
     <span class='ocr_line' id='line_1_20' title="bbox 163 1568 1705 1621; baseline 0 -12"><span class='ocrx_word' id='word_1_175' title='bbox 163 1569 309 1610; x_wconf 86' lang='lat' dir='ltr'><strong>Chart.</strong></span> <span class='ocrx_word' id='word_1_176' title='bbox 343 1568 482 1608; x_wconf 73' lang='lat' dir='ltr'><strong>Rhed.</strong></span> <span class='ocrx_word' id='word_1_177' title='bbox 513 1573 548 1617; x_wconf 88' lang='grc'>1,</span> <span class='ocrx_word' id='word_1_178' title='bbox 578 1573 614 1607; x_wconf 84' lang='grc'><strong>7.</strong></span> <span class='ocrx_word' id='word_1_179' title='bbox 643 1572 710 1607; x_wconf 76' lang='grc'><strong>35.</strong></span> <span class='ocrx_word' id='word_1_180' title='bbox 746 1568 1021 1621; x_wconf 70' lang='lat' dir='ltr'><strong>Reitqmclccrt</strong></span> <span class='ocrx_word' id='word_1_181' title='bbox 1048 1570 1156 1608; x_wconf 82' lang='lat' dir='ltr'><strong>Mor.</strong></span> <span class='ocrx_word' id='word_1_182' title='bbox 1186 1574 1280 1609; x_wconf 70' lang='lat'><strong>340.</strong></span> <span class='ocrx_word' id='word_1_183' title='bbox 1313 1570 1532 1610; x_wconf 70' lang='lat' dir='ltr'><strong>Rz&#39;walart</strong></span> <span class='ocrx_word' id='word_1_184' title='bbox 1564 1573 1609 1619; x_wconf 91' lang='grc'><strong>2,</strong></span> <span class='ocrx_word' id='word_1_185' title='bbox 1643 1575 1705 1619; x_wconf 83' lang='grc'>15,</span> 
     </span>
     <span class='ocr_line' id='line_1_21' title="bbox 163 1638 1710 1693; baseline 0 -14"><span class='ocrx_word' id='word_1_186' title='bbox 163 1640 307 1679; x_wconf 84' lang='lat' dir='ltr'><strong>eodem</strong></span> <span class='ocrx_word' id='word_1_187' title='bbox 337 1639 460 1677; x_wconf 82' lang='lat' dir='ltr'><strong>modo</strong></span> <span class='ocrx_word' id='word_1_188' title='bbox 492 1646 539 1678; x_wconf 87' lang='lat' dir='ltr'><strong>ut</strong></span> <span class='ocrx_word' id='word_1_189' title='bbox 571 1638 652 1691; x_wconf 88' lang='lat' dir='ltr'><strong>adj.</strong></span> <span class='ocrx_word' id='word_1_190' title='bbox 689 1639 791 1677; x_wconf 81' lang='lat' dir='ltr'><strong>cadr</strong></span> <span class='ocrx_word' id='word_1_191' title='bbox 827 1638 981 1691; x_wconf 78' lang='lat' dir='ltr'><strong>legitur</strong></span> <span class='ocrx_word' id='word_1_192' title='bbox 1022 1639 1064 1691; x_wconf 87' lang='lat' dir='ltr'><strong>in</strong></span> <span class='ocrx_word' id='word_1_193' title='bbox 1098 1639 1268 1679; x_wconf 82' lang='lat' dir='ltr'><strong>nomine</strong></span> <span class='ocrx_word' id='word_1_194' title='bbox 1298 1641 1527 1693; x_wconf 88' lang='lat' dir='ltr'><strong>composito</strong></span> <span class='ocrx_word' id='word_1_195' title='bbox 1559 1640 1710 1693; x_wconf 84' lang='lat' dir='ltr'><strong>gallico</strong></span> 
     </span>
     <span class='ocr_line' id='line_1_22' title="bbox 164 1708 1709 1762; baseline 0.001 -14"><span class='ocrx_word' id='word_1_196' title='bbox 164 1709 466 1748; x_wconf 81' lang='lat' dir='ltr'><strong>Belatucadrus</strong></span> <span class='ocrx_word' id='word_1_197' title='bbox 484 1716 523 1747; x_wconf 89' lang='lat' dir='ltr'><strong>et</strong></span> <span class='ocrx_word' id='word_1_198' title='bbox 543 1708 844 1747; x_wconf 68' lang='lat' dir='ltr'><strong>Relatucardus</strong></span> <span class='ocrx_word' id='word_1_199' title='bbox 862 1708 905 1747; x_wconf 87' lang='lat' dir='ltr'><strong>in</strong></span> <span class='ocrx_word' id='word_1_200' title='bbox 924 1708 1281 1762; x_wconf 77' lang='lat' dir='ltr'><strong>inscriptionibus.</strong></span> <span class='ocrx_word' id='word_1_201' title='bbox 1317 1710 1566 1750; x_wconf 80' lang='lat' dir='ltr'><strong>Scribuntur</strong></span> <span class='ocrx_word' id='word_1_202' title='bbox 1584 1710 1709 1751; x_wconf 87' lang='lat' dir='ltr'><strong>etiam</strong></span> 
     </span>
     <span class='ocr_line' id='line_1_23' title="bbox 164 1777 1711 1832; baseline 0.002 -15"><span class='ocrx_word' id='word_1_203' title='bbox 164 1778 208 1817; x_wconf 91' lang='lat' dir='ltr'><strong>in</strong></span> <span class='ocrx_word' id='word_1_204' title='bbox 235 1778 367 1817; x_wconf 76' lang='lat' dir='ltr'><strong>Buli.:</strong></span> <span class='ocrx_word' id='word_1_205' title='bbox 396 1777 497 1830; x_wconf 72' lang='lat' dir='ltr'><strong>loffi·</strong></span> <span class='ocrx_word' id='word_1_206' title='bbox 520 1778 742 1829; x_wconf 81' lang='lat' dir='ltr'><strong>(leprosus)</strong></span> <span class='ocrx_word' id='word_1_207' title='bbox 771 1782 864 1825; x_wconf 90' lang='grc'>196,</span> <span class='ocrx_word' id='word_1_208' title='bbox 889 1781 954 1817; x_wconf 89' lang='grc'><strong>21.</strong></span> <span class='ocrx_word' id='word_1_209' title='bbox 981 1778 1094 1832; x_wconf 63' lang='lat' dir='ltr'><strong>ceqffi·</strong></span> <span class='ocrx_word' id='word_1_210' title='bbox 1112 1779 1310 1829; x_wconf 73' lang='lat' dir='ltr'><strong>(deditus,</strong></span> <span class='ocrx_word' id='word_1_211' title='bbox 1333 1780 1495 1831; x_wconf 80' lang='lat' dir='ltr'><strong>favens)</strong></span> <span class='ocrx_word' id='word_1_212' title='bbox 1517 1786 1583 1829; x_wconf 87' lang='grc'>66,</span> <span class='ocrx_word' id='word_1_213' title='bbox 1611 1784 1649 1829; x_wconf 93' lang='grc'>2,</span> <span class='ocrx_word' id='word_1_214' title='bbox 1670 1788 1711 1820; x_wconf 86' lang='lat' dir='ltr'><strong>et</strong></span> 
     </span>
     <span class='ocr_line' id='line_1_24' title="bbox 163 1847 1709 1903; baseline 0.003 -16"><span class='ocrx_word' id='word_1_215' title='bbox 163 1848 286 1887; x_wconf 85' lang='lat' dir='ltr'><strong>hodie</strong></span> <span class='ocrx_word' id='word_1_216' title='bbox 317 1861 480 1900; x_wconf 76' lang='lat' dir='ltr'><strong>quoque,</strong></span> <span class='ocrx_word' id='word_1_217' title='bbox 511 1847 631 1886; x_wconf 67' lang='lat' dir='ltr'><strong>lcwclr</strong></span> <span class='ocrx_word' id='word_1_218' title='bbox 654 1847 839 1899; x_wconf 76' lang='lat' dir='ltr'><strong>(calcar),</strong></span> <span class='ocrx_word' id='word_1_219' title='bbox 867 1862 973 1900; x_wconf 85' lang='lat' dir='ltr'><strong>quae</strong></span> <span class='ocrx_word' id='word_1_220' title='bbox 996 1863 1074 1888; x_wconf 73' lang='lat' dir='ltr'><strong>vox</strong></span> <span class='ocrx_word' id='word_1_221' title='bbox 1097 1849 1259 1888; x_wconf 77' lang='lat' dir='ltr'><strong>cornice</strong></span> <span class='ocrx_word' id='word_1_222' title='bbox 1281 1858 1344 1889; x_wconf 84' lang='lat' dir='ltr'><strong>est</strong></span> <span class='ocrx_word' id='word_1_223' title='bbox 1365 1850 1508 1890; x_wconf 68' lang='lat' dir='ltr'><strong>kenter</strong></span> <span class='ocrx_word' id='word_1_224' title='bbox 1530 1851 1709 1903; x_wconf 66' lang='lat' dir='ltr'><strong>(clavus)</strong></span> 
     </span>
     <span class='ocr_line' id='line_1_25' title="bbox 163 1918 347 1957; baseline -0.011 -1"><span class='ocrx_word' id='word_1_225' title='bbox 163 1918 206 1956; x_wconf 88' lang='lat' dir='ltr'><strong>in</strong></span> <span class='ocrx_word' id='word_1_226' title='bbox 232 1918 347 1957; x_wconf 80' lang='lat' dir='ltr'><strong>Pass.</strong></span> 
     </span>
    </p>

    <p class='ocr_par' dir='ltr' id='par_1_6' title="bbox 163 1986 1709 2098">
     <span class='ocr_line' id='line_1_26' title="bbox 277 1986 1709 2042; baseline 0.004 -17"><span class='ocrx_word' id='word_1_227' title='bbox 277 1987 317 2039; x_wconf 72' lang='lat' dir='ltr'><strong>b)</strong></span> <span class='ocrx_word' id='word_1_228' title='bbox 351 1986 588 2027; x_wconf 85' lang='lat' dir='ltr'><strong>l&#39;raemittit</strong></span> <span class='ocrx_word' id='word_1_229' title='bbox 611 1987 771 2026; x_wconf 77' lang='lat' dir='ltr'><strong>vocales</strong></span> <span class='ocrx_word' id='word_1_230' title='bbox 794 1995 1017 2042; x_wconf 84' lang='lat' dir='ltr'><strong>correptas,</strong></span> <span class='ocrx_word' id='word_1_231' title='bbox 1044 2003 1221 2042; x_wconf 87' lang='lat' dir='ltr'><strong>quarum</strong></span> <span class='ocrx_word' id='word_1_232' title='bbox 1243 1989 1544 2042; x_wconf 83' lang='lat' dir='ltr'><strong>frequentiores</strong></span> <span class='ocrx_word' id='word_1_233' title='bbox 1566 1991 1709 2031; x_wconf 81' lang='lat' dir='ltr'><strong>viden-</strong></span> 
     </span>
     <span class='ocr_line' id='line_1_27' title="bbox 163 2057 390 2098; baseline -0.009 0"><span class='ocrx_word' id='word_1_234' title='bbox 163 2066 231 2098; x_wconf 90' lang='lat' dir='ltr'><strong>tur</strong></span> <span class='ocrx_word' id='word_1_235' title='bbox 252 2072 277 2096; x_wconf 90' lang='grc' dir='ltr'><em>α</em></span> <span class='ocrx_word' id='word_1_236' title='bbox 299 2065 340 2096; x_wconf 91' lang='lat' dir='ltr'><strong>et</strong></span> <span class='ocrx_word' id='word_1_237' title='bbox 361 2057 390 2096; x_wconf 78' lang='lat' dir='ltr'><strong>i.</strong></span> 
     </span>
    </p>

    <p class='ocr_par' dir='ltr' id='par_1_7' title="bbox 163 2127 1709 2598">
     <span class='ocr_line' id='line_1_28' title="bbox 274 2127 1705 2181; baseline 0.003 -15"><span class='ocrx_word' id='word_1_238' title='bbox 274 2128 353 2167; x_wconf 72' lang='lat' dir='ltr'><strong>AR</strong></span> <span class='ocrx_word' id='word_1_239' title='bbox 377 2127 420 2166; x_wconf 89' lang='lat' dir='ltr'><strong>in</strong></span> <span class='ocrx_word' id='word_1_240' title='bbox 443 2128 599 2167; x_wconf 86' lang='lat' dir='ltr'><strong>subst.:</strong></span> <span class='ocrx_word' id='word_1_241' title='bbox 626 2128 780 2167; x_wconf 86' lang='lat' dir='ltr'><strong>cambr.</strong></span> <span class='ocrx_word' id='word_1_242' title='bbox 804 2129 912 2168; x_wconf 76' lang='lat' dir='ltr'><strong>adar</strong></span> <span class='ocrx_word' id='word_1_243' title='bbox 933 2129 1158 2181; x_wconf 83' lang='lat' dir='ltr'><strong>(volucres)</strong></span> <span class='ocrx_word' id='word_1_244' title='bbox 1179 2129 1280 2181; x_wconf 81' lang='lat' dir='ltr'><strong>Leg.</strong></span> <span class='ocrx_word' id='word_1_245' title='bbox 1306 2134 1342 2169; x_wconf 92' lang='lat'><strong>1.</strong></span> <span class='ocrx_word' id='word_1_246' title='bbox 1368 2135 1432 2170; x_wconf 90' lang='lat'><strong>10.</strong></span> <span class='ocrx_word' id='word_1_247' title='bbox 1456 2135 1504 2179; x_wconf 81' lang='lat'><strong>43</strong></span> <span class='ocrx_word' id='word_1_248' title='bbox 1528 2136 1566 2170; x_wconf 85' lang='lat'><strong>5.</strong></span> <span class='ocrx_word' id='word_1_249' title='bbox 1589 2132 1705 2172; x_wconf 85' lang='lat' dir='ltr'><strong>Mab.</strong></span> 
     </span>
     <span class='ocr_line' id='line_1_29' title="bbox 167 2197 1709 2254; baseline 0.004 -18"><span class='ocrx_word' id='word_1_250' title='bbox 167 2201 203 2246; x_wconf 84' lang='lat'><strong>1,</strong></span> <span class='ocrx_word' id='word_1_251' title='bbox 231 2202 269 2245; x_wconf 71' lang='grc' dir='ltr'>ὅ,</span> <span class='ocrx_word' id='word_1_252' title='bbox 295 2212 391 2237; x_wconf 87' lang='lat' dir='ltr'><strong>cum</strong></span> <span class='ocrx_word' id='word_1_253' title='bbox 421 2205 520 2237; x_wconf 85' lang='lat' dir='ltr'><strong>nota</strong></span> <span class='ocrx_word' id='word_1_254' title='bbox 542 2197 844 2249; x_wconf 76' lang='lat' dir='ltr'><strong>singularitatis</strong></span> <span class='ocrx_word' id='word_1_255' title='bbox 867 2198 1080 2239; x_wconf 86' lang='lat' dir='ltr'><strong>inficiente</strong></span> <span class='ocrx_word' id='word_1_256' title='bbox 1102 2199 1261 2240; x_wconf 70' lang='lat' dir='ltr'><strong>eterinn</strong></span> <span class='ocrx_word' id='word_1_257' title='bbox 1284 2200 1327 2240; x_wconf 88' lang='lat' dir='ltr'><strong>in</strong></span> <span class='ocrx_word' id='word_1_258' title='bbox 1349 2201 1476 2254; x_wconf 81' lang='lat' dir='ltr'><strong>gloss.</strong></span> <span class='ocrx_word' id='word_1_259' title='bbox 1502 2203 1660 2251; x_wconf 61' lang='lat' dir='ltr'><strong>Oxon„</strong></span> <span class='ocrx_word' id='word_1_260' title='bbox 1687 2218 1709 2242; x_wconf 83' lang='lat' dir='ltr'><strong>e</strong></span> 
     </span>
     <span class='ocr_line' id='line_1_30' title="bbox 163 2267 1705 2324; baseline 0.003 -17"><span class='ocrx_word' id='word_1_261' title='bbox 163 2267 281 2320; x_wconf 88' lang='lat' dir='ltr'><strong>cujus</strong></span> <span class='ocrx_word' id='word_1_262' title='bbox 310 2267 446 2306; x_wconf 87' lang='lat' dir='ltr'><strong>radice</strong></span> <span class='ocrx_word' id='word_1_263' title='bbox 476 2282 572 2306; x_wconf 89' lang='lat' dir='ltr'><strong>cum</strong></span> <span class='ocrx_word' id='word_1_264' title='bbox 600 2282 627 2307; x_wconf 79' lang='lat' dir='ltr'><strong>n</strong></span> <span class='ocrx_word' id='word_1_265' title='bbox 658 2267 871 2308; x_wconf 82' lang='lat' dir='ltr'><strong>derivante</strong></span> <span class='ocrx_word' id='word_1_266' title='bbox 902 2276 1002 2308; x_wconf 83' lang='lat' dir='ltr'><strong>sunt</strong></span> <span class='ocrx_word' id='word_1_267' title='bbox 1031 2270 1250 2310; x_wconf 72' lang='lat' dir='ltr'><strong>atanocz&#39;on</strong></span> <span class='ocrx_word' id='word_1_268' title='bbox 1273 2271 1347 2323; x_wconf 81' lang='lat' dir='ltr'><strong>(gl.</strong></span> <span class='ocrx_word' id='word_1_269' title='bbox 1374 2271 1537 2324; x_wconf 82' lang='lat' dir='ltr'><strong>aligeri)</strong></span> <span class='ocrx_word' id='word_1_270' title='bbox 1561 2279 1601 2311; x_wconf 87' lang='lat' dir='ltr'><strong>et</strong></span> <span class='ocrx_word' id='word_1_271' title='bbox 1624 2278 1705 2319; x_wconf 72' lang='grc' dir='ltr'>εἴη,</span> 
     </span>
     <span class='ocr_line' id='line_1_31' title="bbox 163 2337 1708 2391; baseline 0.003 -15"><span class='ocrx_word' id='word_1_272' title='bbox 163 2337 287 2377; x_wconf 74' lang='lat' dir='ltr'><strong>etitzet</strong></span> <span class='ocrx_word' id='word_1_273' title='bbox 310 2338 429 2385; x_wconf 79' lang='lat' dir='ltr'><strong>(avis,</strong></span> <span class='ocrx_word' id='word_1_274' title='bbox 451 2337 653 2389; x_wconf 79' lang='lat' dir='ltr'><strong>volucres)</strong></span> <span class='ocrx_word' id='word_1_275' title='bbox 677 2337 720 2377; x_wconf 87' lang='lat' dir='ltr'><strong>in</strong></span> <span class='ocrx_word' id='word_1_276' title='bbox 741 2338 890 2391; x_wconf 81' lang='lat' dir='ltr'><strong>glossis</strong></span> <span class='ocrx_word' id='word_1_277' title='bbox 914 2339 1021 2379; x_wconf 78' lang='lat' dir='ltr'><strong>be.</strong></span> <span class='ocrx_word' id='word_1_278' title='bbox 1043 2347 1084 2379; x_wconf 85' lang='lat' dir='ltr'><strong>et</strong></span> <span class='ocrx_word' id='word_1_279' title='bbox 1104 2340 1242 2380; x_wconf 77' lang='lat' dir='ltr'><strong>Oxon.</strong></span> <span class='ocrx_word' id='word_1_280' title='bbox 1266 2341 1444 2390; x_wconf 73' lang='lat' dir='ltr'><strong>llaeleccr,</strong></span> <span class='ocrx_word' id='word_1_281' title='bbox 1469 2341 1708 2382; x_wconf 65' lang='lat' dir='ltr'><strong>{mellaelzar</strong></span> 
     </span>
     <span class='ocr_line' id='line_1_32' title="bbox 164 2406 1709 2459; baseline 0.004 -15"><span class='ocrx_word' id='word_1_282' title='bbox 164 2407 400 2459; x_wconf 76' lang='lat' dir='ltr'><strong>(splendor,</strong></span> <span class='ocrx_word' id='word_1_283' title='bbox 435 2406 563 2459; x_wconf 60' lang='lat' dir='ltr'><strong>ignis)</strong></span> <span class='ocrx_word' id='word_1_284' title='bbox 588 2408 701 2446; x_wconf 82' lang='lat' dir='ltr'><strong>Mab.</strong></span> <span class='ocrx_word' id='word_1_285' title='bbox 730 2412 767 2456; x_wconf 87' lang='grc'>3,</span> <span class='ocrx_word' id='word_1_286' title='bbox 797 2414 892 2448; x_wconf 72' lang='grc'>304.</span> <span class='ocrx_word' id='word_1_287' title='bbox 926 2410 1081 2449; x_wconf 87' lang='lat' dir='ltr'><strong>cambr.</strong></span> <span class='ocrx_word' id='word_1_288' title='bbox 1113 2424 1226 2450; x_wconf 83' lang='lat' dir='ltr'><strong>corn.</strong></span> <span class='ocrx_word' id='word_1_289' title='bbox 1260 2427 1409 2452; x_wconf 78' lang='lat' dir='ltr'><strong>annor.</strong></span> <span class='ocrx_word' id='word_1_290' title='bbox 1434 2426 1561 2452; x_wconf 81' lang='lat' dir='ltr'><strong>masc.</strong></span> <span class='ocrx_word' id='word_1_291' title='bbox 1589 2412 1709 2451; x_wconf 66' lang='grc' dir='ltr'><em>ἴασαι·</em></span> 
     </span>
     <span class='ocr_line' id='line_1_33' title="bbox 164 2476 1707 2536; baseline 0.003 -21"><span class='ocrx_word' id='word_1_292' title='bbox 164 2477 376 2528; x_wconf 75' lang='lat' dir='ltr'><strong>(verbum,</strong></span> <span class='ocrx_word' id='word_1_293' title='bbox 411 2486 562 2529; x_wconf 80' lang='lat' dir='ltr'><strong>sermo)</strong></span> <span class='ocrx_word' id='word_1_294' title='bbox 586 2476 642 2529; x_wconf 84' lang='lat' dir='ltr'><strong>sq.</strong></span> <span class='ocrx_word' id='word_1_295' title='bbox 678 2491 826 2518; x_wconf 85' lang='lat' dir='ltr'><strong>annor.</strong></span> <span class='ocrx_word' id='word_1_296' title='bbox 853 2479 1033 2533; x_wconf 67' lang='lat' dir='ltr'><strong>ylccclear</strong></span> <span class='ocrx_word' id='word_1_297' title='bbox 1065 2480 1213 2531; x_wconf 78' lang='lat' dir='ltr'><strong>(dolor,</strong></span> <span class='ocrx_word' id='word_1_298' title='bbox 1246 2481 1343 2521; x_wconf 89' lang='lat' dir='ltr'><strong>hod.</strong></span> <span class='ocrx_word' id='word_1_299' title='bbox 1366 2481 1558 2536; x_wconf 69' lang='lat' dir='ltr'><strong>(slac&#39;leccr</strong></span> <span class='ocrx_word' id='word_1_300' title='bbox 1586 2482 1707 2533; x_wconf 87' lang='lat' dir='ltr'><strong>fem.)</strong></span> 
     </span>
     <span class='ocr_line' id='line_1_34' title="bbox 163 2545 357 2598; baseline 0.005 -14"><span class='ocrx_word' id='word_1_301' title='bbox 163 2545 274 2585; x_wconf 78' lang='lat' dir='ltr'><strong>Buh.</strong></span> <span class='ocrx_word' id='word_1_302' title='bbox 301 2546 357 2598; x_wconf 89' lang='lat' dir='ltr'><strong>fq.</strong></span> 
     </span>
    </p>

    <p class='ocr_par' dir='ltr' id='par_1_8' title="bbox 162 2615 1710 2877">
     <span class='ocr_line' id='line_1_35' title="bbox 275 2615 1710 2674; baseline 0.004 -19"><span class='ocrx_word' id='word_1_303' title='bbox 275 2616 327 2655; x_wconf 87' lang='lat' dir='ltr'><strong>In</strong></span> <span class='ocrx_word' id='word_1_304' title='bbox 349 2615 584 2669; x_wconf 82' lang='lat' dir='ltr'><strong>adjectivis:</strong></span> <span class='ocrx_word' id='word_1_305' title='bbox 621 2618 775 2657; x_wconf 82' lang='lat' dir='ltr'><strong>cambr.</strong></span> <span class='ocrx_word' id='word_1_306' title='bbox 801 2618 975 2658; x_wconf 76' lang='lat' dir='ltr'><strong>leelabar</strong></span> <span class='ocrx_word' id='word_1_307' title='bbox 997 2619 1232 2673; x_wconf 83' lang='lat' dir='ltr'><strong>(eloquens)</strong></span> <span class='ocrx_word' id='word_1_308' title='bbox 1255 2622 1312 2674; x_wconf 76' lang='lat' dir='ltr'><strong>gl.</strong></span> <span class='ocrx_word' id='word_1_309' title='bbox 1339 2622 1478 2661; x_wconf 82' lang='lat' dir='ltr'><strong>Oxou.</strong></span> <span class='ocrx_word' id='word_1_310' title='bbox 1503 2621 1710 2674; x_wconf 55' lang='lat' dir='ltr'><strong>atho-zvar</strong></span> 
     </span>
     <span class='ocr_line' id='line_1_36' title="bbox 162 2685 1706 2744; baseline 0.004 -19"><span class='ocrx_word' id='word_1_311' title='bbox 162 2685 458 2737; x_wconf 76' lang='lat' dir='ltr'><strong>(miserandus)</strong></span> <span class='ocrx_word' id='word_1_312' title='bbox 483 2687 597 2725; x_wconf 79' lang='lat' dir='ltr'><strong>Mab.</strong></span> <span class='ocrx_word' id='word_1_313' title='bbox 628 2692 663 2735; x_wconf 92' lang='lat'><strong>1,</strong></span> <span class='ocrx_word' id='word_1_314' title='bbox 692 2691 786 2727; x_wconf 88' lang='grc'>263.</span> <span class='ocrx_word' id='word_1_315' title='bbox 820 2703 933 2728; x_wconf 86' lang='lat' dir='ltr'><strong>corn.</strong></span> <span class='ocrx_word' id='word_1_316' title='bbox 966 2690 1157 2744; x_wconf 69' lang='lat' dir='ltr'><strong>amlceficr</strong></span> <span class='ocrx_word' id='word_1_317' title='bbox 1188 2691 1367 2742; x_wconf 81' lang='lat' dir='ltr'><strong>(infans3</strong></span> <span class='ocrx_word' id='word_1_318' title='bbox 1403 2691 1431 2730; x_wconf 88' lang='lat' dir='ltr'><strong>i.</strong></span> <span class='ocrx_word' id='word_1_319' title='bbox 1461 2705 1497 2731; x_wconf 83' lang='lat' dir='ltr'><strong>e.</strong></span> <span class='ocrx_word' id='word_1_320' title='bbox 1532 2706 1618 2731; x_wconf 89' lang='lat' dir='ltr'><strong>non</strong></span> <span class='ocrx_word' id='word_1_321' title='bbox 1648 2691 1706 2731; x_wconf 91' lang='lat' dir='ltr'><strong>lo-</strong></span> 
     </span>
     <span class='ocr_line' id='line_1_37' title="bbox 162 2755 1703 2812; baseline 0.005 -18"><span class='ocrx_word' id='word_1_322' title='bbox 162 2767 328 2808; x_wconf 84' lang='lat' dir='ltr'><strong>quens),</strong></span> <span class='ocrx_word' id='word_1_323' title='bbox 355 2755 501 2796; x_wconf 67' lang='lat' dir='ltr'><strong>bothar-</strong></span> <span class='ocrx_word' id='word_1_324' title='bbox 523 2758 710 2809; x_wconf 74' lang='lat' dir='ltr'><strong>(surdus)</strong></span> <span class='ocrx_word' id='word_1_325' title='bbox 733 2759 890 2799; x_wconf 66' lang='lat' dir='ltr'><strong>vocab.</strong></span> <span class='ocrx_word' id='word_1_326' title='bbox 916 2774 1065 2799; x_wconf 89' lang='lat' dir='ltr'><strong>armor.</strong></span> <span class='ocrx_word' id='word_1_327' title='bbox 1088 2760 1241 2799; x_wconf 63' lang='lat' dir='ltr'><strong>bomar</strong></span> <span class='ocrx_word' id='word_1_328' title='bbox 1264 2762 1453 2812; x_wconf 83' lang='lat' dir='ltr'><strong>(surdus)</strong></span> <span class='ocrx_word' id='word_1_329' title='bbox 1471 2762 1584 2802; x_wconf 89' lang='lat' dir='ltr'><strong>Buh.</strong></span> <span class='ocrx_word' id='word_1_330' title='bbox 1610 2767 1703 2811; x_wconf 77' lang='lat'>154,</span> 
     </span>
     <span class='ocr_line' id='line_1_38' title="bbox 168 2825 1389 2877; baseline 0.006 -15"><span class='ocrx_word' id='word_1_331' title='bbox 168 2828 229 2862; x_wconf 83' lang='grc'><strong>10.</strong></span> <span class='ocrx_word' id='word_1_332' title='bbox 255 2825 398 2865; x_wconf 74' lang='grc' dir='ltr'><em>οἶοααν</em></span> <span class='ocrx_word' id='word_1_333' title='bbox 419 2826 587 2874; x_wconf 80' lang='lat' dir='ltr'><strong>(dulcis,</strong></span> <span class='ocrx_word' id='word_1_334' title='bbox 613 2829 822 2873; x_wconf 74' lang='lat' dir='ltr'><strong>amabilis)</strong></span> <span class='ocrx_word' id='word_1_335' title='bbox 847 2834 913 2868; x_wconf 74' lang='lat'><strong>54.</strong></span> <span class='ocrx_word' id='word_1_336' title='bbox 943 2833 1008 2867; x_wconf 78' lang='lat'><strong>25.</strong></span> <span class='ocrx_word' id='word_1_337' title='bbox 1039 2833 1104 2869; x_wconf 89' lang='grc'><strong>62.</strong></span> <span class='ocrx_word' id='word_1_338' title='bbox 1136 2834 1199 2868; x_wconf 86' lang='grc'><strong>16.</strong></span> <span class='ocrx_word' id='word_1_339' title='bbox 1228 2833 1294 2877; x_wconf 89' lang='grc'><strong>92,</strong></span> <span class='ocrx_word' id='word_1_340' title='bbox 1327 2835 1389 2869; x_wconf 85' lang='grc'><strong>19.</strong></span> 
     </span>
    </p>
   </div>
  </div>
 </body>
</html>
