1963 3202
306 90 386 129 654
631 90 709 130 IV.
737 92 775 129 2.
812 101 1185 129 PRAEPOSITIONES
1209 100 1521 128 nRITANNIc-AE.

304 203 420 251 dum,
445 202 687 255 legendum,
712 200 1057 255 praedicandum)
1080 200 1136 253 fq.
1178 199 1318 240 Possit
1349 199 1481 240 videri
1503 207 1592 239 orta
1613 200 1714 239 haee
1735 213 1852 253 prae-

303 272 456 325 positio
478 272 700 312 coalitione
721 285 862 325 praep.
889 286 922 318 e,
949 286 1012 319 en,
1037 278 1077 310 et
1099 271 1230 310 subst.
1253 269 1360 324 quit,
1383 271 1537 309 eambr.
1560 271 1701 324 yzoycl,
1723 277 1771 309 ut
1792 277 1853 309 est

305 342 349 382 in
371 343 487 382 Mab.
506 357 513 382 :
539 357 596 396 yn
617 357 666 382 eu
684 342 814 396 ywyd
832 343 989 393 (eoram
1011 340 1089 389 eis3
1116 340 1168 380 ef.
1193 340 1358 379 hibern.
1369 339 1477 393 fiad
1494 354 1535 392 p.
1560 343 1658 392 588)
1683 344 1721 388 2,
1744 342 1846 387 2403

305 415 377 454 sed
414 420 617 453 tractatur
644 419 692 451 ut
721 411 899 464 simplex
929 410 1180 465 praepositio
1209 410 1253 450 in
1286 409 1546 449 connexione
1575 423 1673 449 eum
1701 424 1851 462 prono-

303 483 487 524 minibus
511 482 688 523 suffixis.

417 554 624 607 Exempla
653 550 973 606 praepositionis
1005 566 1101 591 eum
1129 550 1447 604 pronominibus
1478 549 1640 589 suffixis
1663 563 1684 588 e
1706 549 1846 588 Buh.:

305 626 500 670 brassoclc
532 639 558 664 a
578 638 666 677 pes)
699 629 741 664 tec
771 621 963 676 eyecetoff
974 620 1124 674 (major
1156 621 1328 660 omnino
1349 619 1509 660 ratione
1530 619 1673 659 habita
1694 620 1746 659 ad
1766 633 1847 667 me,

304 699 436 752 major
457 710 584 750 quam
605 695 699 747 ego)
725 698 791 741 74,
819 696 885 731 23.
916 707 1015 746 ‘may
1037 690 1235 745 efflm'cloff
1248 690 1397 743 (major
1418 704 1544 743 quam
1566 692 1659 743 ego)
1686 694 1751 738 78,
1782 694 1844 728 11.

303 785 354 810 ne
384 767 513 822 eaffet
540 770 636 820 quet
661 764 780 818 [saell
808 761 1013 817 equecloff
1032 764 1137 813 (non
1168 760 1329 801 habetis
1357 760 1573 800 meliorem
1602 763 1687 812 me)
1713 764 1779 809 84,
1807 765 1845 799 4.

304 838 499 880 brassoclc
530 850 624 876 2:620
654 839 725 874 net
753 834 925 887 efflceclot
955 831 1105 885 (major
1136 830 1215 871 erit
1245 844 1371 883 quam
1395 833 1458 884 tu)
1483 834 1550 880 88,
1581 834 1646 870 19.
1692 831 1845 870 Porro:

302 909 471 964 egsuidot
489 908 594 947 Jesu
620 904 712 944 men
741 903 885 956 suppli
905 903 974 954 (ad
997 909 1037 942 te
1058 902 1084 941 ,J
1089 916 1162 941 esu
1184 900 1418 954 supplico),
1443 906 1563 941 sanct
1584 901 1684 955 [Ζευς]
1706 900 1853 953 suppli

303 977 501 1034 e'qaiclqff
520 978 680 1029 (sancte
703 973 902 1022 Davides,
928 987 996 1013 ora
1028 987 1102 1026 pro
1124 973 1208 1024 me)
1237 975 1329 1018 194,
1358 972 1424 1008 21.
1455 972 1548 1016 198,
1579 973 1643 1008 13.
1677 969 1850 1023 lcozwboa

299 1048 492 1102 yolemzet
518 1051 688 1098 equetou
711 1045 976 1097 (mandatum
999 1050 1062 1083 est
1083 1058 1106 1083 a
1127 1042 1244 1083 vobis
1267 1041 1319 1081 ad
1339 1041 1450 1092 nos),
1477 1038 1524 1079 φεῖ
1540 1039 1734 1093 yalsesde
1755 1045 1852 1094 quet

302 1123 471 1171 eqzcetou
492 1130 661 1156 sammon
685 1117 789 1168 (non
810 1113 987 1168 potuisti
1007 1113 1127 1153 nobis
1150 1110 1436 1162 sermocinari)
1462 1114 1528 1157 34,
1555 1113 1593 1148 2.
1622 1115 1641 1147 7
1648 1114 1688 1157 4,
1717 1113 1754 1149 2.

621 1272 672 1309 B.
718 1268 1165 1323 Praepositiones
1205 1265 1527 1305 nominales.

416 1394 527 1434 Sunt
561 1392 796 1446 frequentia
825 1393 952 1433 etiam
979 1390 1217 1433 britannica
1239 1388 1427 1437 nomina,
1452 1387 1684 1441 plurimum
1699 1386 1849 1440 juncta

301 1479 397 1505 eum
417 1463 798 1518 praepositionibus
819 1462 1011 1516 propriis,
1037 1459 1258 1513 fungentia
1278 1473 1451 1499 munere
1472 1458 1845 1512 praepositionum.

415 1535 575 1575 Camb
588 1533 703 1573 rica
733 1532 938 1587 ejusmodi
969 1531 1143 1571 nomina
1172 1529 1525 1585 praepositionem
1556 1536 1628 1568 aut
1654 1528 1849 1582 praemit-

301 1612 413 1654 tunt,
438 1611 512 1644 aut
534 1604 670 1644 etiam-
681 1609 944 1657 postponunt
965 1602 1192 1642 interdum.

417 1679 454 1714 1.
489 1673 913 1715 Praemittentia
941 1672 1412 1726 praepositionem.
1440 1672 1609 1711 Horum
1626 1669 1845 1722 quaedam,

301 1761 337 1786 e.
362 1760 425 1799 gr.
450 1759 498 1800 ys
521 1743 725 1798 (spatium
735 1743 786 1796 ἲ),
811 1743 887 1792 lzz't,
913 1742 1001 1797 layt,
1022 1743 1111 1797 laycl
1131 1742 1404 1795 (longitudo),
1425 1741 1597 1781 fortasse
1614 1740 1703 1794 jam
1724 1753 1850 1792 supra

300 1822 579 1856 memoratum
609 1814 794 1868 leerwyd,
821 1812 972 1865 quibus
1003 1813 1100 1852 addi
1129 1820 1322 1866 possunt,
1350 1820 1398 1852 ut
1425 1811 1605 1860 videtur,
1631 1809 1759 1850 etiam
1779 1810 1848 1849 ad-

296 1885 465 1939 jectiva,
491 1899 526 1924 e.
552 1898 613 1937 gr.
639 1898 722 1932 cer,
745 1897 834 1937 yer,
856 1882 949 1936 gyez'r
971 1884 1064 1934 (ad3
1099 1883 1263 1922 hibern.
1294 1882 1406 1936 (sair,
1432 1881 1630 1933 vicinus),
1658 1879 1748 1933 jam
1775 1893 1849 1931 per

302 1970 345 1995 se
375 1955 491 1994 nuda
530 1961 578 1993 ut
607 1953 935 2007 praepositiones
965 1959 1196 2006 ponuntur.
1241 1952 1366 1992 Vocis
1397 1951 1524 2005 hujus
1551 1964 1627 2004 {ser
1657 1949 1847 2002 exempla

301 2040 399 2066 mox
428 2024 538 2064 inter
565 2023 828 2063 substantiva
854 2023 1041 2062 membra
1069 2021 1250 2074 eorporis
1273 2020 1538 2074 designantia
1559 2027 1600 2060 et
1622 2020 1711 2060 loco
1731 2034 1848 2072 prae-

301 2095 558 2150 positionum
586 2093 723 2146 posita
754 2093 850 2145 (sub
883 2093 1037 2140 broma,
1067 2092 1181 2143 llam)
1214 2098 1456 2139 oecurrent3
1491 2090 1748 2143 reliquarum
1778 2102 1847 2128 vo-

302 2181 398 2206 cum
420 2173 506 2205 tam
526 2164 737 2203 nudarum
758 2177 883 2215 quam
898 2162 1143 2215 junctarum
1162 2176 1258 2201 eum
1275 2161 1450 2214 propriis
1468 2158 1847 2215 praepositionibus

302 2235 494 2288 exempla
516 2235 594 2274 hoc
615 2233 704 2273 loco
728 2233 931 2285 quaedam
954 2233 1186 2272 tradantur.

416 2305 488 2345 YS
514 2304 628 2356 (inde
660 2305 724 2355 a):
757 2317 940 2356 ysqzcers
967 2304 1029 2357 yd
1056 2302 1154 2356 202ss
1166 2317 1222 2356 yn
1244 2301 1421 2341 kee'ssaw
1444 2299 1606 2340 aolehez'
1624 2299 1856 2355 scchledyf

302 2376 417 2429 (inde
439 2390 463 2414 a
484 2373 618 2428 spatio
640 2387 734 2412 sum
755 2386 972 2425 quaerens,
997 2373 1158 2412 dudum
1180 2371 1366 2425 quaesivi
1388 2371 1460 2424 qui
1481 2371 1638 2410 lavaret
1659 2369 1848 2423 gladium

301 2447 460 2497 meum)
484 2444 599 2483 Mab.
627 2446 665 2491 2,
693 2446 788 2482 229.
819 2457 845 2496 y
872 2442 1042 2496 ywelsez'
1068 2457 1120 2497 W·
1150 2443 1332 2497 ystalym
1355 2441 1532 2494 (viderat
1556 2440 1645 2493 jam
1667 2440 1845 2491 dudum)

304 2521 342 2565 3,
369 2520 432 2555 14.
457 2529 512 2568 ny
535 2512 672 2553 meleis
693 2526 744 2566 φ’
765 2526 813 2566 ys
835 2512 941 2552 seith
958 2513 1129 2567 mlynecl
1147 2514 1291 2566 mzclyn
1310 2514 1414 2564 (non
1431 2510 1515 2550 vidi
1532 2510 1629 2549 inde
1647 2524 1671 2549 a
1687 2516 1846 2562 septem

301 2585 422 2626 annis
445 2597 579 2624 unum
600 2582 833 2634 hominem)
859 2587 896 2630 3,
929 2587 1020 2621 157.

414 2655 524 2694 HIT
547 2653 800 2706 (longitudo,
825 2666 967 2705 praep.
993 2666 1125 2705 usque
1149 2652 1219 2703 ad)
1242 2652 1331 2691 sine
1352 2649 1658 2704 praepositione
1680 2648 1846 2702 propria

295 2726 384 2779 jam
414 2724 458 2764 in
488 2723 627 2764 codice.
660 2722 892 2762 Lichfeld.:
925 2721 989 2761 hit
1017 2721 1095 2762 did
1121 2722 1245 2761 bracct
1274 2724 1426 2774 (usque
1454 2721 1507 2759 ad
1534 2719 1645 2759 diem
1668 2717 1841 2771 judicii,

302 2796 416 2835 Mab.
445 2797 482 2842 2,
512 2796 605 2832 212.
634 2796 735 2832 235:
770 2792 846 2846 hyt
874 2792 963 2845 (lyd
990 2792 1138 2843 hrczwt)
1167 2792 1361 2843 Append.
1387 2790 1481 2829 libr.
1517 2789 1652 2829 Land.
1677 2802 1719 2840 p.
1748 2791 1841 2827 271.
