1963 3202
228 125 281 164 V.
313 129 348 164 1.
393 138 633 165 DmuvATm
655 138 838 165 GALLICA
860 138 913 164 ET
937 139 1180 165 mmmmm
1203 139 1495 166 SPIRANTIUM.
1561 126 1640 164 745

100 238 238 288 nator)
262 236 334 289 Sg.
363 239 444 276 50³.
473 233 556 275 54¹³.
591 235 786 275 dietato'z'r
817 236 892 289 (gl.
927 235 1120 289 dictator)
1151 238 1223 290 Sg.
1251 235 1336 276 5-1¹'.
1379 239 1479 276 Huc
1516 237 1640 290 perti-

100 321 198 346 nere
220 306 385 345 videtur
405 305 550 345 etiam:
565 304 799 359 foe'clelorv'b
823 306 897 359 (gl.
925 307 1001 345 sub
1022 307 1300 359 curatoribus)
1322 308 1421 347 Wb.
1452 304 1533 346 191¹.

213 377 297 416 RR
318 374 543 415 derivantis
565 375 803 428 exemplum
824 391 907 416 non
932 376 1124 416 occurrit.

498 525 536 560 2.
580 520 866 562 Derivatio
897 523 1240 576 spirantium.

215 648 428 702 Spirantes
461 647 707 688 derivationi
737 648 1008 689 inservientes
1030 650 1073 689 in
1096 648 1271 689 vetustis
1293 648 1533 689 nominibus
1555 650 1641 702 gal-

100 719 190 759 licis
219 720 284 759 vel
311 718 554 758 britannicis
586 718 886 771 frequentiores
917 719 1207 767 inveniuntur,
1234 734 1318 758 non
1343 719 1478 758 solum
1500 720 1544 768 S,
1570 720 1642 759 sed

100 789 225 829 etiam
240 790 267 828 J
285 795 325 828 et
341 789 395 837 V,
417 803 521 841 quae
536 787 625 841 jam
642 788 683 828 in
704 796 868 829 vetusta
885 789 1098 828 hibernica
1116 788 1261 841 lingua
1278 788 1449 828 omnino
1467 803 1488 828 e
1505 789 1642 828 medio

100 866 141 899 et
161 860 244 899 fine
266 873 415 899 vocum
437 866 697 898 evanuerunt
715 860 774 912 (p.
799 864 864 899 60.
889 863 938 898 66
959 860 1057 912 sq.),
1079 866 1120 898 et
1141 859 1271 898 solam
1292 873 1311 898 S
1333 858 1457 898 etiam
1475 858 1519 898 in
1537 858 1642 898 ‹leri-

100 929 266 969 vatione
301 928 592 982 persistentem
627 928 901 982 reliquerunt.
947 928 1138 968 Primum
1174 929 1352 968 duarum
1389 927 1641 981 spirantium

101 999 312 1039 vocalibus
331 999 536 1047 affinium,
554 999 863 1039 transeuntium
880 999 972 1039 ideo
991 998 1116 1038 etiam
1132 998 1175 1038 in
1190 998 1491 1052 diphthongos,
1504 1013 1641 1038 exem-

98 1070 169 1124 pla
198 1078 361 1109 vetusta
393 1069 612 1123 proferam,
640 1069 736 1109 dein
758 1069 1012 1109 dominantis
1034 1084 1132 1123 prae
1154 1068 1299 1109 ceteris
1321 1068 1364 1108 in
1386 1068 1642 1109 derivatione

102 1139 297 1194 spirantis
319 1154 353 1179 s.

212 1210 239 1247 J
268 1209 312 1248 in
343 1209 584 1249 nominibus
612 1209 774 1262 gallicis
805 1210 1000 1250 derivatis
1029 1225 1125 1250 cum
1155 1209 1368 1250 vocalibus
1400 1225 1426 1250 a
1457 1216 1498 1249 et
1527 1224 1548 1248 e
1569 1223 1642 1248 an-

100 1294 209 1320 nexa
230 1279 358 1319 radici
380 1279 606 1319 invenitur.
644 1280 710 1318 AJ
735 1280 801 1319 vel
822 1281 883 1319 AI
906 1280 949 1320 in
972 1280 1335 1334 inscriptionibus:
1363 1279 1505 1320 Ceaiio
1528 1280 1641 1331 (deo)

100 1350 298 1404 Inscript.
334 1349 518 1389 britann.
545 1350 674 1389 Orell.
705 1354 826 1389 1981.
861 1350 1017 1389 Bedaio
1041 1351 1150 1403 Aug.
1176 1351 1306 1390 Orell.
1337 1354 1458 1389 1964.
1490 1348 1643 1389 Vicani

100 1419 351 1460 Altiaienses
370 1420 442 1459 Or.
468 1424 560 1458 180.
593 1420 756 1463 Quibus
773 1428 972 1474 poterunt
989 1420 1107 1460 addi:
1135 1420 1340 1460 Bedaium
1358 1421 1453 1471 (loc.
1475 1419 1641 1471 Noric.)

101 1491 206 1530 Tab.
233 1492 355 1530 Peut.
390 1492 593 1541 Ναβαῖος
614 1491 733 1541 (fluv.
756 1490 911 1541 Bria),
936 1487 1182 1530 Βούλλαιον
1205 1490 1364 1544 (oppid.
1390 1490 1535 1542 Brit.),
1562 1485 1642 1528 Γό-

100 1563 228 1613 βαιον
259 1554 432 1613 (ἄκρον,
464 1560 577 1599 Gall.
612 1560 771 1613 Lugd.)
796 1561 906 1600 Ptol.
948 1560 1109 1600 Benaia
1139 1562 1310 1609 (nomen
1339 1559 1550 1606 mulieris;
1585 1558 1638 1597 cf.

100 1631 262 1671 hibern.
297 1631 393 1678 ben,
425 1629 598 1681 femina)
621 1630 749 1682 Greg.
787 1632 888 1670 Tur.
914 1630 1003 1671 Vit.
1037 1638 1146 1684 patr.
1175 1635 1247 1679 15,
1277 1635 1320 1679 3,
1346 1630 1484 1670 forsan
1516 1629 1642 1669 etiam

101 1703 289 1742 Pronaca
313 1701 454 1751 (fluv.)
477 1701 639 1739 Auson.
666 1701 832 1740 Mosell.
861 1705 955 1740 354.

214 1772 292 1820 EJ,
316 1771 374 1810 EI
392 1770 435 1809 in
452 1769 692 1809 nominibus
711 1771 822 1823 apud
840 1771 1079 1825 scriptores:
1100 1770 1324 1824 Numejus,
1344 1770 1500 1823 Noreja
1518 1770 1638 1810 Caes.

101 1843 261 1895 Eeyrgm
292 1842 489 1882 (aestnar.
522 1839 759 1891 Britanni),
799 1838 970 1892 Τάμεια
1000 1840 1158 1894 (oppid.
1193 1841 1321 1893 Brit.)
1346 1840 1457 1881 Ptol.
1489 1840 1640 1893 Arbeja

102 1911 249 1958 (lh-it.)
266 1943 274 1957 ‚
307 1910 453 1962 Veleja
484 1910 638 1961 (Gall.)
662 1910 797 1950 Notit.
823 1911 938 1963 dign.
964 1911 1128 1963 Celeja,
1163 1910 1343 1963 Matr-eja
1369 1911 1471 1950 Itin.
1516 1911 1643 1964 Apud

101 1981 318 2034 scriptores
346 1979 446 2019 hist.
470 1980 582 2031 Aug.
609 1980 734 2019 etiam
760 1981 883 2033 plura
903 1980 1098 2033 gallicam
1119 1980 1322 2034 originem
1343 1980 1577 2034 prodentia,
1603 1995 1639 2020 e.

99 2066 161 2104 gr.
185 2051 349 2103 Atejus,
372 2049 585 2102 (joce-ejus,
607 2050 885 2103 Egnatulejus
907 2058 985 2090 etc.
1021 2051 1087 2090 Ex
1107 2050 1449 2104 inscriptionibus
1472 2050 1643 2090 nomina

99 2121 282 2161 virorum
311 2128 350 2160 et
380 2119 651 2159 feminarum:
688 2120 869 2160 Maleius
893 2122 1018 2161 Grut.
1047 2125 1141 2170 878,
1170 2126 1207 2160 S.
1244 2120 1368 2160 Ateia
1389 2122 1515 2161 Grut.
1545 2124 1638 2169 742,

103 2198 140 2230 3.
173 2190 386 2239 Manneia,
413 2190 561 2230 Loreia
582 2191 740 2230 Murat.
771 2195 864 2240 174,
892 2193 930 2230 2.
967 2191 1116 2244 Segeia
1136 2191 1237 2230 ibid.
1267 2195 1388 2239 1276,
1416 2195 1454 2230 S.
1495 2190 1643 2231 Careia

101 2262 219 2303 (farei
242 2262 302 2301 fil.
328 2262 453 2300 (in-ut.
480 2263 576 2308 428,
604 2265 642 2300 9.
669 2262 765 2310 468,
794 2266 831 2300 6.
866 2261 1045 2301 Verbeia
1067 2262 1179 2314 (dea)
1203 2261 1333 2301 Orell.
1362 2265 1485 2300 2061.
1518 2262 1641 2300 Pom-

100 2333 218 2386 peius
237 2334 413 2371 (atussa
427 2332 683 2383 (sequanus)
702 2332 833 2371 Orell.
851 2336 957 2371 4803
973 2348 983 2379 ;
1005 2347 1100 2372 eum
1117 2332 1343 2386 multiplici
1361 2332 1637 2371 derivatione:

101 2402 312 2442 Farsulcia
344 2401 476 2441 stein.
506 2405 599 2439 799.
636 2401 848 2441 Sidonieia
879 2403 1003 2442 Grut.
1033 2408 1135 2451 736,
1162 2406 1200 2442 2.
1241 2402 1427 2442 Nomina
1457 2403 1642 2441 locorum

100 2471 326 2511 recentiora
356 2488 377 2510 e
405 2471 507 2524 dipl.
534 2470 725 2510 MabilL:
752 2471 938 2521 Areium,
965 2473 1148 2521 (Heium,
1176 2472 1386 2520 Mucium,
1414 2472 1637 2519 Moreium,

102 2542 326 2589 Millvinm,
358 2541 593 2589 Herm-ium,
615 2541 866 2581 Arenceium
887 2550 965 2582 ete.
1001 2543 1138 2596 Alteja
1162 2544 1318 2595 (fluxu),
1340 2541 1515 2594 Corbeja
1537 2544 1641 2591 (mo-

101 2621 229 2663 nast.)
259 2612 361 2651 13011.

211 2682 319 2720 Cum
347 2681 431 2721 sint
454 2681 589 2721 adhuc
612 2682 817 2722 cambris-a
837 2690 877 2722 et
901 2684 1101 2723 armorica
1122 2683 1293 2723 nomina
1316 2682 1551 2735 frequentia
1572 2682 1640 2721 (le-

99 2751 278 2790 sinentia
308 2751 348 2790 in
382 2767 415 2799 e,
442 2751 499 2800 ui,
526 2767 570 2791 oe
592 2754 665 2797 (=
686 2755 720 2800 ἒ,
745 2767 786 2806 p.
818 2755 937 2805 113),
963 2753 1092 2793 videri
1123 2753 1253 2806 possit
1274 2752 1371 2791 huit:
1393 2751 1641 2791 derivationi

98 2822 264 2860 subesse
286 2821 495 2874 primitiva
517 2837 538 2859 e
558 2823 762 2874 producta
785 2824 919 2863 soluta
944 2824 984 2863 in
1010 2824 1061 2867 ω’.
1083 2825 1135 2874 (js.
1163 2832 1207 2862 ut
1230 2825 1252 2861 o
1275 2823 1484 2862 interdum
1508 2821 1549 2860 in
1573 2837 1637 2869 oa,
