1963 3202
209 111 288 150 748
348 112 402 152 V.
431 116 468 151 1.
512 125 753 152 DERIVATIO
776 125 960 152 GALLICA
982 126 1036 153 ET
1059 127 1305 155 HIBERNIGA
1327 127 1618 156 SPIRANTIUM.

206 223 393 264 Tamesis
426 224 590 277 (fiuv.),
615 224 760 264 Alesia
788 225 907 265 Caes.
941 225 1171 266 Novesium
1204 227 1277 279 (al.
1308 226 1540 280 Nivisium)
1563 229 1666 268 Tab.
1693 230 1743 269 P.

205 293 283 333 IS:
311 293 566 334 Civismarus
588 294 680 334 Liv.
700 294 912 335 Atismara
930 295 1127 350 Inscript.
1149 296 1279 336 Orell.
1302 301 1397 336 259.
1424 298 1747 339 Cartismandua

205 364 304 403 Tae.
337 364 572 404 Ratisbona
603 364 647 404 in
677 364 793 404 libris
822 365 949 405 medii
979 365 1083 405 aevi.
1137 366 1254 406 Aliso
1286 367 1540 418 (castellum)
1572 367 1740 420 Veget.,

204 448 301 474 eum
317 434 403 474 suis
420 433 615 474 derivatis
633 434 831 475 acervatis
848 435 1058 476 Alisontia
1073 436 1234 475 Auson..
1243 468 1253 485 ,
1269 436 1505 476 Alisincum
1520 437 1621 477 Itin.
1639 438 1742 477 Ant.

204 503 361 543 Anisus
384 504 503 556 (fluv.
528 504 693 557 Noric.)
724 504 769 544 in
800 505 1022 554 chronicis,
1045 505 1221 545 Anisola
1242 506 1414 559 (amnis)
1436 508 1547 547 Boll.
1571 508 1599 547 J
1602 522 1675 547 un.
1703 512 1741 556 3,

206 578 301 623 355,
336 574 559 614 Anisiaeus
592 574 727 627 (villa)
759 576 868 615 Boll.
899 576 992 615 Oct.
1023 580 1058 624 1,
1088 579 1181 615 162.
1217 576 1366 623 Saliso,
1392 576 1538 617 Diviso
1570 578 1745 629 (1111.10-

204 645 308 696 cor.)
331 643 433 684 Itin.
457 645 599 685 Amm.
623 642 821 699 Παρίσοι
843 646 958 699 (pop.
984 645 1112 697 Brit.)
1135 646 1265 695 Ptol„
1294 647 1445 687 Parisii
1467 650 1581 702 (pop.
1608 649 1743 701 Gall.)

204 714 324 754 Caes.
373 715 535 756 Albisia
563 716 715 769 (fem.)
757 716 891 755 Inser.
933 715 1067 755 Stein.
1104 719 1198 754 301.
1246 715 1425 765 Belisia,
1458 718 1606 759 Bilisia
1644 719 1740 771 (100.

203 784 347 838 Belg.)
369 785 480 825 Boll.
505 786 594 826 Jul.
622 791 659 834 3,
687 789 754 825 92.
781 786 897 838 Sept.
925 789 963 833 5,
991 789 1086 823 596.
1115 789 1209 824 610.
1242 785 1426 825 Carisius
1450 788 1580 839 (nom.
1605 788 1743 842 figuli)

203 854 248 894 in
277 868 365 895 vas.
391 856 478 909 figl.
511 855 697 896 Cinisius
728 870 848 895 mons
880 857 1017 907 (mons
1047 854 1257 904 Cenisius,
1291 855 1461 896 Cinisus
1491 872 1557 911 ap.
1584 859 1742 908 Pertz„

205 926 330 966 Mont
359 926 510 974 Cenis3
545 926 596 965 ef.
621 940 741 966 mons
773 925 846 978 qui
876 925 994 965 Albis
1024 931 1216 974 vocatur,
1253 925 1392 979 Neug.
1422 931 1459 976 1,
1487 932 1526 976 5,
1550 942 1628 968 1100
1657 942 1745 968 11011

204 995 344 1036 Sentis
374 1010 527 1036 nomen
558 995 658 1035 item
687 995 861 1048 montis)
885 996 1058 1049 Fredeg.
1084 1010 1119 1035 0.
1150 998 1242 1034 121.
1287 996 1356 1037 OS
1386 1012 1490 1037 num
1518 997 1572 1038 sit
1600 997 1646 1038 in
1670 1012 1744 1038 no-

201 1066 314 1106 mine
343 1068 551 1115 Bonosus,
577 1067 627 1105 de
659 1081 740 1119 quo
768 1066 846 1106 sub
875 1051 960 1114 OS,
997 1065 1172 1105 dubium
1202 1071 1287 1113 est3
1322 1066 1535 1107 interdum
1565 1068 1745 1108 alternat

203 1151 300 1176 eum
330 1143 541 1190 sequente.
586 1136 681 1177 US:
715 1137 854 1176 Urusa
876 1136 972 1188 (100.
997 1135 1190 1187 Vindel.)
1215 1136 1319 1175 Tab.
1345 1137 1395 1176 P.
1436 1138 1579 1190 Epuso
1602 1138 1740 1191 (Belg.

201 1207 352 1261 prim.,
387 1206 591 1259 Eposium
620 1213 802 1246 castrum
832 1206 1007 1259 Gregor.
1034 1207 1135 1245 Tur.
1164 1209 1202 1254 8,
1233 1209 1297 1254 15,
1323 1205 1367 1246 in
1398 1207 1494 1247 Aet.
1529 1207 1605 1248 SS.
1632 1208 1743 1248 Evu-

202 1278 325 1326 sium,
357 1278 565 1326 Ivosium,
601 1277 700 1317 hod.
733 1276 869 1325 Ivois,
903 1275 1031 1330 Ipseh
1063 1275 1244 1328 Trevir.)
1275 1276 1411 1316 Notit.
1447 1277 1562 1331 dign.
1596 1278 1745 1319 Salusa

203 1349 331 1400 (fons)
354 1349 456 1388 Mel.
499 1348 661 1388 Arcusa
689 1347 826 1400 (fem.)
856 1347 989 1386 Inscr.
1022 1347 1180 1385 Murat.
1211 1349 1332 1395 1295,
1361 1351 1398 1386 3.
1432 1348 1626 1397 01081118,
1655 1349 1743 1388 An-

200 1418 348 1458 nusius
377 1418 593 1472 Inscriptt.
620 1418 750 1458 Orell.
777 1422 871 1456 457.
902 1421 1023 1456 1966.
1057 1417 1262 1456 Varusius
1294 1417 1427 1456 Stein.
1457 1422 1550 1457 790.
1585 1420 1742 1471 Bergu-

201 1489 310 1528 sium
339 1489 443 1528 Tab.
479 1489 529 1529 P.
565 1487 781 1541 Sigusium
812 1488 940 1540 Greg.
974 1488 1075 1527 Tur.
1105 1491 1141 1535 4,
1168 1492 1235 1526 45.
1272 1487 1461 1540 Segusio,
1496 1488 1740 1541 Segusione,

202 1558 425 1612 Segusiani
448 1558 560 1598 Plin.
586 1559 690 1598 Tab.
717 1559 767 1598 P.
803 1557 1074 1598 Catusiacum
1095 1556 1197 1597 Itin.
1223 1558 1324 1596 Ant.
1370 1558 1422 1597 In
1445 1557 1508 1597 his
1531 1573 1558 1597 u
1578 1559 1744 1598 brevem

200 1636 348 1682 putare
368 1629 466 1668 lieet
478 1645 489 1677 3
515 1635 578 1668 est
599 1628 710 1668 enim
730 1628 881 1668 Volusi
903 1628 1072 1668 Catullo
1097 1632 1146 1666 36
1172 1634 1212 1666 et
1233 1628 1430 1668 Juvenali
1457 1633 1520 1677 15,
1545 1633 1560 1666 1
1584 1643 1605 1668 0
1627 1643 1739 1668 110111.

201 1699 427 1748 Volusius,
459 1700 571 1738 unde
607 1697 889 1747 Volusianus,
924 1698 1186 1746 Volusenus,
1221 1697 1416 1751 frequens
1455 1712 1609 1737 nornen
1639 1698 1739 1752 (adj.

200 1769 362 1809 hibern.
389 1777 470 1809 vet..
485 1770 624 1824 solus,
639 1769 795 1823 sollus,
821 1775 1005 1822 apertus,
1031 1769 1200 1821 clarus).

315 1842 353 1892 0)
385 1841 493 1880 Cum
521 1839 732 1878 vocalibus
762 1838 976 1892 productis
1004 1838 1069 1878 vel
1099 1837 1387 1891 diphthongis.
1442 1839 1495 1878 111
1523 1838 1743 1879 nominum

199 1910 322 1950 modo
360 1916 682 1949 memoratorum
719 1908 937 1948 nonnullis
975 1908 1114 1961 putari
1151 1908 1305 1961 poterit
1339 1908 1493 1948 vocalis
1523 1910 1739 1962 producta,

200 1995 236 2019 0.
261 1994 323 2033 gr.
349 1979 616 2019 derivationis
640 1993 719 2027 -as,
746 1979 797 2018 ob
818 1992 963 2017 vocem
984 1979 1172 2017 omasum
1195 1977 1359 2017 obviam
1380 1979 1491 2031 apud
1515 1979 1742 2018 Horatium

200 2050 245 2090 111
266 2050 387 2103 epist.
419 2055 453 2098 1,
483 2054 546 2088 15.
575 2053 640 2098 34,
666 2048 859 2101 gallicam
882 2048 1113 2087 seeundum
1135 2047 1359 2087 Philoxeni
1379 2048 1575 2101 glossam,
1602 2056 1643 2088 et
1663 2049 1743 2088 for-

202 2135 277 2160 san
298 2120 343 2160 111
364 2119 604 2159 nominibus
622 2120 814 2166 Tamesa,
835 2118 945 2171 quod
964 2117 1203 2157 Ptolemaeo
1225 2125 1417 2171 corrupte
1439 2119 1744 2171 quodammodo

201 2198 264 2231 est
278 2186 471 2245 Ἰάμησα,
490 2190 555 2230 vel
573 2191 764 2229 Bonosus
782 2187 951 2241 VopiSsz.
968 2188 1162 2240 Eutmp„
1178 2189 1288 2241 quod
1306 2188 1489 2228 Paeanio
1506 2189 1743 2242 metaphra-

201 2270 288 2303 stae
310 2261 503 2315 Eutropii
526 2268 588 2300 est
608 2256 814 2328 ΒόνωΛσος
836 2258 905 2309 (cf.
927 2254 1160 2310 Bouaria).
1196 2259 1322 2311 Apud
1343 2262 1485 2311 poetas
1508 2273 1629 2312 porro
1651 2273 1743 2327 pro-

201 2334 351 2372 ductae
395 2331 685 2379 derivationes,
730 2330 807 2369 15:
852 2327 1034 2367 Talisius
1070 2328 1231 2367 Auson.
1270 2330 1440 2368 Parent.
1469 2333 1506 2368 S.
1535 2333 1601 2368 20.
1645 2322 1738 2369 OS:

201 2404 354 2443 Tolosa
380 2403 541 2442 Auson.
566 2400 672 2454 prof.
703 2404 767 2438 16.
798 2404 861 2437 17.
908 2383 1003 2438 sJS:
1042 2398 1210 2437 Padusa
1232 2398 1358 2450 (fossa
1387 2413 1408 2438 e
1430 2400 1564 2451 Pado)
1587 2398 1739 2452 virgil.

200 2475 307 2513 Aen.
338 2477 401 2521 11,
429 2476 524 2511 457.
557 2469 779 2511 Claudian.
807 2468 978 2522 epithal.
1016 2468 1123 2508 Pall.
1153 2472 1245 2507 109.
1281 2468 1451 2508 Attusia
1476 2470 1637 2509 Auson.
1664 2470 1743 2508 Pa·

200 2551 306 2584 rent.
335 2547 400 2582 21.
445 2540 712 2595 Diphthongi
735 2554 830 2579 cum
851 2553 870 2578 S
892 2538 1105 2578 derivante
1127 2538 1285 2587 obviae,
1310 2538 1448 2578 AUS:
1480 2539 1743 2579 Nemausum

202 2614 333 2662 (Gall.
368 2611 536 2666 oppid.;
570 2611 623 2651 cf.
657 2609 876 2659 Nemavia,
902 2609 981 2648 loc.
1007 2608 1178 2648 Vindel.
1216 2608 1340 2660 Itin.)
1364 2608 1468 2647 Mel.
1496 2608 1607 2648 Plin.
1635 2610 1743 2648 Pen-

200 2698 357 2723 nausus
382 2685 443 2731 (11.
468 2682 563 2735 viri)
587 2682 719 2722 Inser.
746 2681 872 2720 Grut.
902 2683 995 2727 736,
1021 2682 1059 2717 2.
1094 2678 1272 2718 Arausio
1296 2678 1428 2727 (Gall.
1450 2677 1612 2731 oppid.)
1637 2677 1738 2717 Mel.

201 2754 315 2794 Plin.
341 2752 565 2793 Car-ansius
589 2750 829 2805 (Menapiae
857 2748 976 2800 civis)
999 2748 1143 2787 Aurel.
1169 2748 1281 2788 vict.
1308 2749 1358 2788 de
1380 2749 1500 2789 Caes.
1529 2752 1594 2787 19.
1623 2743 1742 2787 “mo-

200 2823 421 2863 nasteriolo
458 2823 501 2861 in
537 2836 644 2876 pago
681 2819 910 2873 stampinse
947 2818 1210 2858 noncobante
1250 2813 1488 2858 Lemauso³³
1523 2818 1638 2869 (hod.
1672 2817 1741 2857 Li-
