1963 3202
254 52 361 90 1074
496 65 740 92 APPENDIX.
789 66 1009 93 SPECIMEN
1032 67 1199 94 comels
1222 68 1459 95 HIssERNICI
1483 69 1548 95 CR.

257 162 399 217 tiplica
420 164 459 203 V
490 178 562 216 per
587 164 700 213 IIII,
727 165 837 204 fiunt
858 165 965 214 XX,
992 166 1146 218 partire
1175 181 1248 220 per
1277 168 1420 207 decem
1451 167 1514 208 bis
1545 168 1643 208 deni
1665 166 1808 218 vies;⁸

258 234 420 273 duobus
452 248 549 287 ergo
580 234 794 274 mensibus
825 234 1003 288 expletis
1034 237 1227 277 adveniet
1258 238 1320 277 sol
1350 244 1512 291 partem
1537 238 1656 287 coeli,
1682 253 1808 292 quam

256 303 359 343 luna
388 303 538 357 quinta
568 311 695 353 tenet,
721 304 765 344 id
793 310 872 353 est,
898 304 964 344 die
995 305 1217 346 Nonarum
1240 307 1505 347 Martiarum.
1551 308 1636 348 Ubi
1663 316 1809 349 octava

258 371 347 413 est⁰
368 374 431 414 VI
455 375 558 414 Idus
580 374 820 423 Januarias,
842 374 1079 428 multiplica
1100 377 1213 416 VIII
1236 392 1309 431 per
1332 378 1444 425 IIII,
1466 378 1577 416 fiunt
1598 378 1805 426 XXXII,

256 443 409 496 partire
431 459 504 497 per
524 445 667 484 decem
690 452 750 484 ter
771 444 870 484 deni
893 443 1047 494 tries,¹⁰
1068 453 1110 486 et
1129 455 1350 487 remanent
1371 448 1454 487 duo
1475 447 1638 500 puncti,
1664 447 1705 488 id
1728 457 1806 497 est,

258 515 320 554 VI
358 522 496 567 partes
533 515 660 563 coeli,
704 515 820 555 illam
856 522 1018 568 partem
1054 516 1159 556 coeli
1196 524 1310 557 tenet
1345 517 1447 557 luna
1484 524 1629 557 octava
1669 517 1713 557 in
1744 519 1807 558 VI

260 584 416 624 Iduum
439 585 738 625 Januariarum
770 585 851 634 die,
877 600 1002 639 quam
1034 587 1095 627 sol
1126 587 1316 627 aditurus
1348 598 1410 627 est
1434 595 1528 640 post
1551 594 1632 628 tres
1656 587 1808 628 abhinc

258 668 422 694 menses
445 661 486 694 et
506 654 593 695 dies
616 655 694 704 VI,
720 655 763 695 id.
785 663 861 704 est,
888 657 951 697 VI
973 656 1040 696 die
1062 665 1156 710 post
1178 658 1241 698 VI
1273 658 1376 697 Idus
1397 657 1578 710 Apriles.

373 726 477 778 Cap.
504 726 681 765 XVIII.
727 727 868 769 Quota
898 726 951 766 sit
980 727 1082 767 luna
1102 727 1147 767 in
1169 728 1377 768 Calendas
1400 726 1622 781 quasque.¹
1668 728 1809 768 Primo

259 795 608 835 decennovenalis
637 795 780 836 circuli
813 812 939 846 anno,
966 797 1011 837 in
1042 812 1123 850 quo
1153 798 1297 837 nullae
1326 805 1425 837 sunt
1455 800 1640 852 ep'actae,
1665 798 1710 837 in
1731 800 1809 839 Ca-

259 865 404 905 lendas
432 865 656 906 Januarias
687 881 800 907 nona
828 876 892 908 est
922 865 1072 916 luna,2
1101 867 1146 906 in
1175 868 1382 907 Calendas
1415 867 1661 908 Februarias
1690 869 1734 907 X
1765 868 1808 908 in

260 936 467 976 Calendas
498 936 674 976 Martias
697 937 781 986 IX,
806 938 851 977 in
873 938 1080 978 Calendas
1103 938 1269 990 Apriles
1291 938 1351 986 X,
1377 938 1422 976 in
1443 938 1650 977 Calendas
1673 938 1809 991 Majas

260 1007 345 1055 XI,
370 1006 413 1046 in
436 1006 644 1046 Calendas
667 1007 818 1047 Junias
841 1008 951 1056 XII,
979 1007 1021 1047 in
1045 1008 1254 1048 Calendas
1275 1007 1412 1047 Julias
1434 1007 1569 1055 XIII,
1595 1007 1639 1047 in
1661 1008 1810 1049 Calen-

260 1078 333 1117 das
365 1078 579 1130 Augustas
602 1077 763 1126 XIIII,
790 1077 832 1117 in
861 1077 1070 1118 Calendas
1094 1078 1360 1131 Septembres
1382 1076 1508 1125 XVI,
1534 1076 1579 1116 in
1601 1078 1810 1119 Calendas

260 1148 461 1187 Octobres
483 1147 611 1195 XVI,
637 1146 680 1186 in
714 1147 921 1188 Calendas
945 1148 1206 1188 Novembres
1229 1148 1406 1195 XVIII,
1431 1146 1476 1186 in
1498 1147 1705 1188 Calendas
1727 1149 1810 1189 De-

261 1217 445 1257 cembres
467 1218 644 1257 XVIII.
690 1218 783 1257 Hos
818 1216 893 1257 tibi
924 1232 1120 1258 numeros
1152 1233 1226 1271 pro
1255 1218 1518 1272 regularibus
1547 1217 1810 1271 singulorum

260 1287 470 1327 mensium
499 1302 632 1337 sume,
667 1287 820 1340 quibus
851 1302 1013 1328 annuas
1044 1289 1202 1328 addens
1231 1296 1412 1342 epactas,
1438 1289 1540 1327 luna
1570 1296 1698 1341 quota
1728 1286 1811 1329 sit3

260 1373 333 1411 per
346 1357 554 1398 Calendas
572 1372 773 1410 quasque,
790 1357 880 1398 sine
897 1372 1032 1398 errore
1049 1359 1244 1412 reperies.
1275 1358 1321 1399 Si
1340 1358 1453 1398 enim
1469 1358 1532 1399 vis
1550 1357 1669 1407 scire,
1685 1367 1812 1412 quota

262 1429 315 1468 sit
347 1428 449 1467 luna
480 1427 524 1467 in
547 1428 755 1468 Calendas
777 1428 1002 1468 Januarias
1034 1444 1145 1469 anno
1174 1430 1357 1469 secundo
1389 1428 1535 1469 circuli
1555 1428 1811 1470 decennove—

261 1499 384 1548 nalis,
412 1506 507 1539 tene
538 1499 606 1538 IX
637 1498 889 1551 regulares,4
916 1500 1022 1540 adde
1053 1506 1218 1552 epactas
1241 1500 1325 1548 XI,
1351 1500 1462 1539 fiunt
1483 1500 1590 1549 XX,
1617 1500 1811 1541 vicesima

262 1577 324 1611 est
353 1570 469 1609 luna.
514 1568 559 1609 Si
591 1568 652 1609 vis
685 1569 802 1618 scire,
828 1577 955 1622 quota
985 1575 1049 1609 est
1079 1570 1179 1610 luna
1210 1569 1255 1609 in
1286 1570 1494 1610 Calendas
1515 1570 1668 1611 Junias
1700 1586 1812 1612 anno

264 1640 398 1688 tertio,
427 1647 522 1679 tene
553 1640 764 1693 regulares
786 1640 895 1691 XII,
923 1641 1028 1680 adde
1056 1649 1222 1693 epactas
1253 1640 1355 1680 anni
1383 1640 1497 1680 illius
1519 1641 1676 1690 XXII,
1702 1643 1813 1682 fiunt.

263 1711 518 1759 XXXIIII,
545 1710 643 1749 tolle
666 1710 820 1759 XXX,
841 1717 1060 1750 remanent
1083 1711 1177 1750 IIII
1190 1727 1199 1758 3
1226 1717 1374 1764 quarta
1395 1718 1457 1750 est
1477 1710 1579 1750 luna
1600 1711 1645 1751 in
1663 1713 1812 1752 Calen-

263 1783 335 1822 das
358 1789 622 1821 memoratas.
654 1782 779 1824 Quod
800 1779 834 1819 si
851 1780 945 1833 quis
963 1780 1192 1834 objecerit,¹
1217 1781 1283 1821 vel
1299 1780 1425 1834 hujus
1442 1781 1509 1820 vel
1525 1783 1812 1834 praecedentis

265 1851 503 1905 argumenti
541 1851 694 1891 alicubi
732 1851 919 1891 ordinem
950 1851 1166 1900 vacillare,
1202 1852 1346 1891 doceat
1376 1850 1464 1903 ipse
1495 1850 1540 1890 in
1569 1851 1813 1905 hujusmodi

265 1922 580 1975 quaestionibus
621 1921 871 1974 indagandis
912 1921 1099 1961 veracius
1140 1929 1182 1962 et
1222 1921 1557 1974 compendiosius
1593 1935 1812 1974 argumen-

268 2001 375 2041 tum,
401 2000 442 2032 et
471 2007 546 2032 nos
578 1992 756 2032 libenter
785 1998 1084 2044 gratanterque
1105 1991 1372 2045 accipiemus.
1418 1992 1514 2031 Hoc
1535 1997 1677 2031 autem
1698 2005 1813 2043 prae-

268 2064 439 2111 cedens,
480 2063 590 2115 quod
627 2060 1042 2101 commemoravimus
1077 2067 1394 2113 argumentum,
1429 2068 1471 2100 et
1506 2061 1724 2101 nonnullis
1762 2062 1814 2100 ad

270 2133 653 2173 transscribendum
669 2132 758 2185 jam
780 2128 1009 2176 dedimus‚²
1031 2138 1071 2170 et
1093 2131 1137 2170 in
1159 2129 1376 2183 principiis
1398 2129 1524 2183 hujus
1541 2131 1673 2171 nostri
1690 2145 1813 2184 opus-

270 2203 355 2243 culi
385 2203 699 2256 praefigendum
731 2215 818 2241 esse
847 2215 1079 2241 censemus.
1132 2202 1260 2240 Porro
1282 2215 1478 2254 praesens
1500 2208 1811 2254 argumentum,

271 2274 381 2326 quod
410 2274 459 2312 de
488 2273 589 2312 luna
611 2272 893 2313 Calendarum
923 2272 1158 2324 quaerenda
1180 2271 1411 2324 posuimus,
1437 2271 1514 2311 hoc
1539 2279 1705 2312 tantum
1726 2271 1816 2311 loco

365 2446 383 2477 ὃ
411 2444 528 2489 isjz'clee
576 2446 595 2476 9
623 2456 659 2477 .1.
680 2443 857 2486 linyidsem
880 2445 993 2476 tardes
1010 2443 1103 2477 nesci
1120 2443 1195 2476 beas
1212 2441 1418 2476 archumbri
1466 2444 1504 2474 10
1533 2453 1568 2474 .1.
1591 2441 1702 2475 tricha

369 2500 453 2545 (32³)
494 2503 503 2533 l
528 2499 644 2533 issz'ide
662 2500 834 2533 asmberse
851 2499 996 2533 arc-Iliun
1018 2512 1054 2533 .1.
1075 2504 1124 2533 est
1141 2500 1245 2533 etiam
1264 2504 1360 2533 uetus
1377 2502 1618 2543 arfflmzentum
1634 2499 1679 2531 rl.
1728 2500 1746 2531 2
1768 2497 1817 2542 (in

274 2558 402 2603 marg.)
425 2569 460 2591 .1.
491 2560 528 2590 m'
552 2558 763 2590 aceomlatar
779 2560 918 2600 epactae
937 2556 1017 2589 .XI
1032 2556 1079 2589 kl.
1101 2568 1157 2600 ap.
1167 2556 1230 2599 fri
1245 2556 1394 2601 riaqlori
1407 2557 1442 2589 in
1462 2556 1520 2589 illo
1538 2566 1629 2587 ιιηηο
1647 2554 1818 2587 ‹lothosce-

277 2615 335 2647 lad
357 2613 409 2647 ciis
436 2613 505 2647 e'sci
528 2614 578 2646 bis
593 2615 661 2657 sm·
678 2614 726 2646 kl.
746 2614 828 2646 caele>
845 2615 910 2646 mis
928 2612 963 2645 iu
975 2612 1094 2656 primo
1111 2625 1202 2646 anno
1220 2613 1290 2647 z'tlze
1307 2612 1457 2657 riaylori
1470 2612 1563 2645 insin
1579 2611 1819 2644 adcleomlatar

265 2672 328 2715 fri
349 2676 467 2715 epacta
494 2671 569 2704 λἸ.
599 2671 646 2703 kl.
674 2683 730 2714 ap.
759 2669 879 2703 llic-ach
906 2669 1036 2702 blindin
1063 2669 1334 2702 tresimzdeda'ede
1352 2668 1445 2701 imile
1538 2670 1556 2701 3
1583 2667 1638 2701 eid
1653 2679 1709 2700 aes
1727 2666 1822 2700 nesci

274 2730 290 2759 4
321 2740 356 2760 .1.
377 2740 433 2760 aes
452 2727 545 2761 ite-sci
560 2728 608 2760 kl.
629 2727 699 2760 ian.
721 2727 754 2759 in
767 2726 884 2771 primo
901 2737 992 2759 amm

367 2785 455 2829 (32¹³)
511 2787 517 2816 1
552 2796 587 2817 .1.
608 2782 845 2827 hitrz'tlzeheist
892 2785 910 2816 2
939 2795 975 2817 .1.
995 2782 1129 2815 soelm'de
1146 2783 1322 2816 rodat-crib
1340 2783 1433 2816 luzan
