1963 3202
209 44 287 83 724
369 43 423 82 V.
455 45 490 80 1.
535 53 776 81 DERlvA'mo
798 53 982 81 GALLICA
1004 54 1058 81 ET
1081 53 1327 80 fflssERMCA
1349 54 1589 81 vocALIUM.

208 155 285 195 Est
319 154 447 208 igitur
483 166 761 193 consonarum
798 160 963 192 tantum
999 152 1199 192 derivatio
1229 159 1392 206 praeter
1427 153 1521 193 sim
1530 168 1557 206 p
1569 153 1584 192 l
1596 153 1639 193 ic
1652 167 1673 193 e
1684 167 1726 193 m
1740 185 1751 202 ‚

208 225 333 265 etiam
363 223 565 276 duplex
593 223 658 263 vel
689 221 997 275 multiplex.

555 563 596 606 Ι.
673 562 1006 608 Dei-ivatio
1061 562 1407 608 hibernica.

585 756 588 757 γ
631 718 682 755 Α.
734 716 1021 758 Derivatio
1051 717 1340 758 vocalium.

325 862 511 904 Nomina
546 862 787 914 linguarum
823 862 1016 902 affinium
1053 862 1193 917 stirpis
1230 863 1537 916 indeuropaeae
1573 862 1761 902 desinere

213 933 407 988 primitus
437 933 481 972 in
510 932 671 971 vocales
703 939 784 971 tres
815 931 1067 986 principales
1093 935 1147 983 A,
1174 934 1211 983 Ι,
1237 934 1292 982 U,
1317 933 1459 973 docuit
1490 931 1762 986 grammatica

214 1010 466 1057 comparata.
512 1003 748 1043 Concordat
777 1001 913 1056 prisca
941 1003 1107 1056 gallica,
1133 1018 1238 1057 quae
1269 1010 1406 1043 servat
1425 1004 1598 1043 modum
1619 1001 1762 1055 primi-

215 1074 349 1114 tivum
370 1073 414 1112 in
436 1072 572 1112 medio
595 1071 935 1125 compositorum,
962 1073 1036 1112 ubi
1056 1088 1175 1113 voces
1198 1074 1354 1127 priores
1376 1073 1546 1113 exhibet
1567 1071 1763 1111 termina-

215 1152 278 1184 tas
300 1144 351 1183 ab
373 1143 521 1182 iisdem
542 1142 770 1190 vocalibus,
796 1142 883 1181 sola
904 1149 1079 1196 excepta
1099 1144 1151 1192 A,
1174 1143 1292 1196 cujus
1314 1143 1453 1182 locum
1474 1142 1636 1182 obtinet
1657 1142 1694 1181 O
1717 1141 1761 1180 in

214 1212 407 1268 plurimis
425 1212 682 1260 nominibus,
704 1225 741 1251 e.
761 1226 848 1265 gru:
871 1212 1172 1265 Lugodunum,
1195 1212 1497 1265 Lupodunum,
1520 1212 1759 1265 Sigovesus,

216 1284 486 1331 Bellovesus,
521 1281 781 1335 Cingetorix.
833 1281 993 1322 Finalis
1024 1282 1046 1321 I
1077 1281 1225 1335 prioris
1257 1282 1387 1335 partis
1417 1281 1636 1336 compositi
1664 1281 1765 1321 item

216 1354 409 1407 frequens
432 1359 494 1392 est
514 1351 559 1391 in
579 1351 822 1392 nominibus
841 1352 1041 1393 vetustis:
1068 1352 1358 1401 Moridunum,
1379 1352 1649 1400 Morieambe,
1672 1352 1764 1390 Mo-

216 1424 411 1477 ritasgus,
437 1422 793 1472 Cassivellaunus,
820 1422 1109 1476 Cassignatus,
1134 1422 1176 1463 N
1180 1422 1400 1476 ivimagus.
1445 1423 1501 1462 Et
1527 1421 1665 1462 finalis
1696 1422 1760 1461 U:

218 1495 468 1542 Esunertus,
494 1493 760 1542 Viducasses,
786 1492 1014 1546 BiturigeS,
1041 1493 1276 1546 Caturiges,
1303 1492 1642 1533 Mandubratius.

331 1564 451 1603 Inter
489 1563 564 1603 has
602 1563 787 1617 primum
816 1562 907 1603 loco
945 1562 1056 1602 cedit
1082 1563 1121 1602 A
1153 1563 1253 1616 (O),
1287 1577 1323 1603 e.
1348 1577 1410 1616 gr.
1446 1563 1491 1603 in
1521 1561 1762 1616 compositis

220 1634 514 1682 Lausdunum,
539 1633 765 1682 Atismara,
792 1634 1066 1687 Lugdunum.
1110 1633 1210 1673 Non
1233 1633 1384 1673 habere
1406 1633 1570 1674 videtur
1591 1633 1767 1673 eandem

222 1704 504 1752 tenacitatem,
528 1710 578 1743 ut
607 1710 765 1743 ceterae
798 1704 919 1753 duae,
946 1704 967 1743 I
990 1710 1031 1743 et
1052 1704 1107 1753 U,
1134 1718 1239 1757 quae
1269 1703 1397 1743 etiam
1425 1718 1524 1757 prae
1553 1702 1668 1743 omni
1688 1701 1769 1741 alia

222 1774 352 1814 vocali
379 1774 445 1814 vel
466 1773 730 1827 diphthongo
753 1773 990 1814 inserviunt
1010 1773 1272 1814 derivationi.
1315 1774 1342 1813 J
1346 1788 1413 1814 am
1434 1775 1482 1814 fit
1502 1780 1678 1826 utraque
1699 1772 1768 1811 de-

222 1844 376 1893 rivans,
413 1844 446 1884 si
474 1843 546 1883 illa
568 1843 624 1896 (O
645 1864 702 1876 Ξ
722 1844 778 1896 A)
801 1843 1022 1884 intercedit
1053 1844 1268 1898 copulans,
1294 1850 1343 1883 ut
1371 1845 1421 1884 fit
1451 1843 1630 1897 saepius,
1661 1842 1770 1881 inter

224 1921 385 1968 partem
405 1913 585 1967 priorem
607 1913 871 1953 terminatam
892 1915 943 1953 ab
964 1913 1030 1953 his
1051 1914 1229 1962 duabus,
1255 1914 1277 1953 I
1300 1920 1341 1953 et
1362 1914 1416 1962 U,
1438 1920 1479 1953 et
1500 1912 1770 1966 posteriorem

227 1983 469 2037 compositi3
504 1998 540 2022 e.
566 1997 628 2036 gr.
652 1990 747 2036 post
776 1983 821 2022 I:
857 1983 1169 2037 Noviomagus,
1205 1983 1532 2032 Noviodunum,
1567 1981 1770 2022 Mediola-

226 2068 344 2102 num,
378 2053 652 2102 Mediolacus,
690 2052 1010 2102 Mediomatrici,
1046 2053 1330 2102 Bodiocasses,
1356 2053 1645 2101 Velliocasses,
1670 2052 1770 2091 Am-

227 2123 363 2164 biorix
385 2122 462 2175 (ita
492 2129 540 2163 ut
571 2123 697 2163 etiam
727 2122 877 2176 conjici
906 2122 1070 2176 possint
1090 2122 1407 2172 Moriodunum,
1433 2123 1767 2175 Cassiognatus),

229 2201 270 2233 et
299 2199 394 2246 post
417 2194 479 2233 U:
513 2194 830 2246 Boduognatus,
857 2193 1290 2247 Epomanduodurum
1312 2193 1382 2245 (cf.
1409 2191 1769 2244 Mandubratius).

344 2264 503 2303 Eodem
533 2264 656 2303 modo
683 2270 800 2303 extra
821 2263 1163 2317 compositionem
1186 2262 1364 2303 occurrit
1385 2262 1575 2302 derivans
1597 2268 1773 2315 utraque

230 2333 383 2373 vocalis
400 2334 621 2373 accedente
639 2333 771 2373 vocali
786 2333 868 2373 alia
885 2333 1189 2374 terminationis
1207 2332 1398 2386 alicujus.
1434 2333 1455 2372 I
1470 2347 1477 2372 :
1505 2332 1631 2372 Curia
1647 2331 1770 2381 ltin„

234 2403 416 2452 Stuccia,
449 2403 624 2452 Ravius,
649 2402 827 2452 Novius,
854 2402 1011 2443 Tobius
1045 2403 1181 2456 (fluvii
1211 2403 1317 2443 Brit.
1344 2410 1385 2443 et
1413 2402 1615 2455 Hibern.)
1639 2401 1769 2450 Ptol„

232 2473 393 2522 Ollius,
421 2473 605 2513 Mincius
628 2472 764 2525 (fluvii
796 2473 960 2514 Galliae
989 2473 1176 2528 cisalp.),
1212 2473 1360 2513 Larius
1392 2473 1569 2524 (lacus),
1594 2471 1774 2512 Tausius

235 2545 458 2597 (Tunger,
498 2543 726 2597 Capitolin.
762 2542 922 2583 Pertin.
964 2558 999 2583 c,
1031 2546 1131 2597 11),
1175 2543 1390 2584 Commius
1423 2543 1570 2591 Caes„
1605 2541 1774 2582 Cassius

235 2613 425 2665 (gallicae
448 2613 619 2667 originis
629 2613 678 2665 ἲ),
703 2611 831 2653 Vasio
849 2613 964 2665 (urbs
988 2612 1303 2661 Vocontiorum,
1330 2613 1432 2652 Mel.
1460 2615 1498 2661 2,
1526 2617 1564 2652 5.
1591 2611 1703 2652 Plin.
1732 2615 1770 2659 3,

235 2686 292 2735 4),
316 2683 479 2724 Sirione
501 2683 669 2736 (ablat.)
692 2682 795 2723 ltin.
815 2683 887 2731 Α.,
908 2682 1064 2723 Albion
1087 2684 1259 2735 (nomen
1280 2689 1494 2722 vetustum
1511 2680 1770 2729 Britanniae,

229 2767 299 2806 ap.
327 2753 427 2793 Mel.
456 2753 568 2793 Plin.
595 2752 754 2804 Ptol.),
781 2753 961 2806 Bergion
985 2753 1106 2805 (Mel.
1134 2757 1172 2801 2,
1202 2755 1259 2805 5),
1286 2752 1514 2800 Juliacum,
1541 2750 1776 2805 Clipiacum
