<?xml version="1.0" encoding="UTF-8"?>
<!DOCTYPE html PUBLIC "-//W3C//DTD XHTML 1.0 Transitional//EN"
    "http://www.w3.org/TR/xhtml1/DTD/xhtml1-transitional.dtd">
<html xmlns="http://www.w3.org/1999/xhtml" xml:lang="en" lang="en">
 <head>
  <title>
</title>
<meta http-equiv="Content-Type" content="text/html;charset=utf-8" />
  <meta name='ocr-system' content='tesseract 3.04.00' />
  <meta name='ocr-capabilities' content='ocr_page ocr_carea ocr_par ocr_line ocrx_word'/>
</head>
<body>
  <div class='ocr_page' id='page_1' title='image "./grammaticaceltic02zeusuoft_0213.png"; bbox 0 0 1963 3202; ppageno 0'>
   <div class='ocr_carea' id='block_1_1' title="bbox 258 138 1654 179">
    <p class='ocr_par' dir='ltr' id='par_1_1' title="bbox 258 138 1654 179">
     <span class='ocr_line' id='line_1_1' title="bbox 258 138 1654 179; baseline 0.001 -2"><span class='ocrx_word' id='word_1_1' title='bbox 258 138 312 177; x_wconf 89' lang='lat' dir='ltr'>V.</span> <span class='ocrx_word' id='word_1_2' title='bbox 342 142 377 176; x_wconf 89' lang='lat'>1.</span> <span class='ocrx_word' id='word_1_3' title='bbox 425 149 665 176; x_wconf 78' lang='lat' dir='ltr'><strong>DERIVATIO</strong></span> <span class='ocrx_word' id='word_1_4' title='bbox 688 149 871 176; x_wconf 81' lang='lat' dir='ltr'><strong>GALLICA</strong></span> <span class='ocrx_word' id='word_1_5' title='bbox 894 150 946 176; x_wconf 83' lang='lat' dir='ltr'>ET</span> <span class='ocrx_word' id='word_1_6' title='bbox 974 150 1218 177; x_wconf 58' lang='lat' dir='ltr'>inanimum</span> <span class='ocrx_word' id='word_1_7' title='bbox 1243 151 1500 179; x_wconf 83' lang='lat' dir='ltr'>MEDIARUM.</span> <span class='ocrx_word' id='word_1_8' title='bbox 1575 140 1654 178; x_wconf 88' lang='lat'>755</span> 
     </span>
    </p>
   </div>
   <div class='ocr_carea' id='block_1_2' title="bbox 90 246 1643 1819">
    <p class='ocr_par' dir='ltr' id='par_1_2' title="bbox 101 246 1643 714">
     <span class='ocr_line' id='line_1_2' title="bbox 217 246 1643 300; baseline 0.001 -13"><span class='ocrx_word' id='word_1_9' title='bbox 217 248 511 287; x_wconf 87' lang='lat' dir='ltr'>Aceensendae</span> <span class='ocrx_word' id='word_1_10' title='bbox 533 253 632 286; x_wconf 85' lang='lat' dir='ltr'>sunt</span> <span class='ocrx_word' id='word_1_11' title='bbox 653 246 752 285; x_wconf 84' lang='lat' dir='ltr'>huie</span> <span class='ocrx_word' id='word_1_12' title='bbox 772 246 1021 287; x_wconf 83' lang='lat' dir='ltr'>derivationi</span> <span class='ocrx_word' id='word_1_13' title='bbox 1042 247 1303 287; x_wconf 83' lang='lat' dir='ltr'>substantiva</span> <span class='ocrx_word' id='word_1_14' title='bbox 1320 249 1557 300; x_wconf 88' lang='lat' dir='ltr'>posterioris</span> <span class='ocrx_word' id='word_1_15' title='bbox 1575 250 1643 289; x_wconf 86' lang='lat' dir='ltr'>de-</span> 
     </span>
     <span class='ocr_line' id='line_1_3' title="bbox 104 314 1643 369; baseline 0.002 -14"><span class='ocrx_word' id='word_1_16' title='bbox 104 316 289 356; x_wconf 80' lang='lat' dir='ltr'>clinandi</span> <span class='ocrx_word' id='word_1_17' title='bbox 318 317 473 356; x_wconf 85' lang='lat' dir='ltr'>ordinis</span> <span class='ocrx_word' id='word_1_18' title='bbox 506 322 548 355; x_wconf 86' lang='lat' dir='ltr'>et</span> <span class='ocrx_word' id='word_1_19' title='bbox 578 314 698 354; x_wconf 84' lang='lat' dir='ltr'>seriei</span> <span class='ocrx_word' id='word_1_20' title='bbox 726 323 910 368; x_wconf 82' lang='lat' dir='ltr'>quartae,</span> <span class='ocrx_word' id='word_1_21' title='bbox 937 330 1042 369; x_wconf 89' lang='lat' dir='ltr'>quae</span> <span class='ocrx_word' id='word_1_22' title='bbox 1072 316 1330 356; x_wconf 82' lang='lat' dir='ltr'>derivantem</span> <span class='ocrx_word' id='word_1_23' title='bbox 1359 318 1390 356; x_wconf 82' lang='lat' dir='ltr'>cl</span> <span class='ocrx_word' id='word_1_24' title='bbox 1414 316 1459 355; x_wconf 91' lang='lat' dir='ltr'>in</span> <span class='ocrx_word' id='word_1_25' title='bbox 1480 317 1643 358; x_wconf 83' lang='lat' dir='ltr'>casibus</span> 
     </span>
     <span class='ocr_line' id='line_1_4' title="bbox 102 384 1640 438; baseline 0.001 -14"><span class='ocrx_word' id='word_1_26' title='bbox 102 385 280 438; x_wconf 82' lang='lat' dir='ltr'>obliquis</span> <span class='ocrx_word' id='word_1_27' title='bbox 303 392 481 432; x_wconf 84' lang='lat' dir='ltr'>servant,</span> <span class='ocrx_word' id='word_1_28' title='bbox 507 384 552 423; x_wconf 89' lang='lat' dir='ltr'>in</span> <span class='ocrx_word' id='word_1_29' title='bbox 573 384 830 423; x_wconf 88' lang='lat' dir='ltr'>nominativo</span> <span class='ocrx_word' id='word_1_30' title='bbox 852 394 1006 434; x_wconf 89' lang='lat' dir='ltr'>autem,</span> <span class='ocrx_word' id='word_1_31' title='bbox 1034 399 1208 425; x_wconf 83' lang='lat' dir='ltr'>excussa</span> <span class='ocrx_word' id='word_1_32' title='bbox 1230 386 1387 433; x_wconf 88' lang='lat' dir='ltr'>eadem,</span> <span class='ocrx_word' id='word_1_33' title='bbox 1413 385 1457 424; x_wconf 93' lang='lat' dir='ltr'>in</span> <span class='ocrx_word' id='word_1_34' title='bbox 1479 387 1640 425; x_wconf 78' lang='lat' dir='ltr'>vocales</span> 
     </span>
     <span class='ocr_line' id='line_1_5' title="bbox 104 453 1641 507; baseline 0.001 -14"><span class='ocrx_word' id='word_1_35' title='bbox 104 469 156 502; x_wconf 81' lang='lat' dir='ltr'>-e,</span> <span class='ocrx_word' id='word_1_36' title='bbox 182 454 229 502; x_wconf 69' lang='grc' dir='ltr'>-ἰ,</span> <span class='ocrx_word' id='word_1_37' title='bbox 255 469 314 502; x_wconf 67' lang='grc' dir='ltr'>-ῑι,</span> <span class='ocrx_word' id='word_1_38' title='bbox 337 454 399 493; x_wconf 68' lang='grc' dir='ltr'>-ίτι</span> <span class='ocrx_word' id='word_1_39' title='bbox 420 453 606 493; x_wconf 81' lang='lat' dir='ltr'>desinere</span> <span class='ocrx_word' id='word_1_40' title='bbox 629 453 764 492; x_wconf 82' lang='lat' dir='ltr'>solent</span> <span class='ocrx_word' id='word_1_41' title='bbox 786 454 845 505; x_wconf 90' lang='lat' dir='ltr'>(p.</span> <span class='ocrx_word' id='word_1_42' title='bbox 874 458 987 506; x_wconf 85' lang='lat'>271).</span> <span class='ocrx_word' id='word_1_43' title='bbox 1030 455 1135 494; x_wconf 88' lang='lat' dir='ltr'>Inde</span> <span class='ocrx_word' id='word_1_44' title='bbox 1156 454 1344 494; x_wconf 87' lang='lat' dir='ltr'>formulis</span> <span class='ocrx_word' id='word_1_45' title='bbox 1361 454 1450 507; x_wconf 89' lang='lat' dir='ltr'>jam</span> <span class='ocrx_word' id='word_1_46' title='bbox 1472 469 1641 494; x_wconf 87' lang='lat' dir='ltr'>enume-</span> 
     </span>
     <span class='ocr_line' id='line_1_6' title="bbox 102 523 1642 575; baseline 0.001 -13"><span class='ocrx_word' id='word_1_47' title='bbox 102 524 201 563; x_wconf 82' lang='lat' dir='ltr'>ratis</span> <span class='ocrx_word' id='word_1_48' title='bbox 231 523 409 575; x_wconf 88' lang='lat' dir='ltr'>amplius</span> <span class='ocrx_word' id='word_1_49' title='bbox 440 523 629 562; x_wconf 88' lang='lat' dir='ltr'>addenda</span> <span class='ocrx_word' id='word_1_50' title='bbox 650 528 713 561; x_wconf 89' lang='lat' dir='ltr'>est</span> <span class='ocrx_word' id='word_1_51' title='bbox 733 523 826 570; x_wconf 79' lang='lat' dir='ltr'>El),</span> <span class='ocrx_word' id='word_1_52' title='bbox 853 537 958 575; x_wconf 89' lang='lat' dir='ltr'>quae</span> <span class='ocrx_word' id='word_1_53' title='bbox 973 523 1063 575; x_wconf 88' lang='lat' dir='ltr'>jam</span> <span class='ocrx_word' id='word_1_54' title='bbox 1084 524 1201 562; x_wconf 88' lang='lat' dir='ltr'>adest</span> <span class='ocrx_word' id='word_1_55' title='bbox 1221 523 1264 562; x_wconf 89' lang='lat' dir='ltr'>in</span> <span class='ocrx_word' id='word_1_56' title='bbox 1286 530 1451 563; x_wconf 90' lang='lat' dir='ltr'>vetusto</span> <span class='ocrx_word' id='word_1_57' title='bbox 1472 524 1642 563; x_wconf 84' lang='lat' dir='ltr'>nomine</span> 
     </span>
     <span class='ocr_line' id='line_1_7' title="bbox 101 591 1640 645; baseline 0.001 -14"><span class='ocrx_word' id='word_1_58' title='bbox 101 593 251 645; x_wconf 73' lang='lat' dir='ltr'>gallico</span> <span class='ocrx_word' id='word_1_59' title='bbox 279 592 481 639; x_wconf 72' lang='lat' dir='ltr'>Tenedon,</span> <span class='ocrx_word' id='word_1_60' title='bbox 508 599 549 630; x_wconf 87' lang='lat' dir='ltr'>et</span> <span class='ocrx_word' id='word_1_61' title='bbox 579 591 716 630; x_wconf 85' lang='lat' dir='ltr'>adhue</span> <span class='ocrx_word' id='word_1_62' title='bbox 750 599 887 631; x_wconf 81' lang='lat' dir='ltr'>exstat</span> <span class='ocrx_word' id='word_1_63' title='bbox 917 592 961 630; x_wconf 90' lang='lat' dir='ltr'>in</span> <span class='ocrx_word' id='word_1_64' title='bbox 990 592 1262 631; x_wconf 81' lang='lat' dir='ltr'>substantivis</span> <span class='ocrx_word' id='word_1_65' title='bbox 1293 592 1515 645; x_wconf 86' lang='lat' dir='ltr'>dupliciter</span> <span class='ocrx_word' id='word_1_66' title='bbox 1536 594 1640 632; x_wconf 88' lang='lat' dir='ltr'>deri-</span> 
     </span>
     <span class='ocr_line' id='line_1_8' title="bbox 101 659 1179 714; baseline -0.001 -14"><span class='ocrx_word' id='word_1_67' title='bbox 101 661 206 700; x_wconf 78' lang='lat' dir='ltr'>vatis</span> <span class='ocrx_word' id='word_1_68' title='bbox 228 660 445 713; x_wconf 57' lang='lat' dir='ltr'>deyeclacht</span> <span class='ocrx_word' id='word_1_69' title='bbox 464 659 747 712; x_wconf 81' lang='lat' dir='ltr'>(hospitium),</span> <span class='ocrx_word' id='word_1_70' title='bbox 759 660 972 713; x_wconf 78' lang='lat' dir='ltr'>filedaclet</span> <span class='ocrx_word' id='word_1_71' title='bbox 992 661 1179 714; x_wconf 72' lang='lat' dir='ltr'>(poesis).</span> 
     </span>
    </p>

    <p class='ocr_par' dir='ltr' id='par_1_3' title="bbox 99 729 1638 852">
     <span class='ocr_line' id='line_1_9' title="bbox 212 729 1638 784; baseline 0.001 -15"><span class='ocrx_word' id='word_1_72' title='bbox 212 732 250 781; x_wconf 82' lang='lat' dir='ltr'>c)</span> <span class='ocrx_word' id='word_1_73' title='bbox 281 729 519 769; x_wconf 77' lang='lat' dir='ltr'>Derivantis</span> <span class='ocrx_word' id='word_1_74' title='bbox 542 729 572 768; x_wconf 76' lang='lat' dir='ltr'>(l</span> <span class='ocrx_word' id='word_1_75' title='bbox 591 743 686 768; x_wconf 88' lang='lat' dir='ltr'>eum</span> <span class='ocrx_word' id='word_1_76' title='bbox 706 729 918 769; x_wconf 79' lang='lat' dir='ltr'>vocalibus</span> <span class='ocrx_word' id='word_1_77' title='bbox 939 729 1154 782; x_wconf 85' lang='lat' dir='ltr'>productis</span> <span class='ocrx_word' id='word_1_78' title='bbox 1175 729 1241 768; x_wconf 89' lang='lat' dir='ltr'>vel</span> <span class='ocrx_word' id='word_1_79' title='bbox 1262 730 1536 784; x_wconf 83' lang='lat' dir='ltr'>diphthongis</span> <span class='ocrx_word' id='word_1_80' title='bbox 1553 746 1638 771; x_wconf 86' lang='lat' dir='ltr'>non</span> 
     </span>
     <span class='ocr_line' id='line_1_10' title="bbox 99 797 828 852; baseline -0.003 -14"><span class='ocrx_word' id='word_1_81' title='bbox 99 809 269 852; x_wconf 84' lang='lat' dir='ltr'>apparet</span> <span class='ocrx_word' id='word_1_82' title='bbox 291 798 530 850; x_wconf 81' lang='lat' dir='ltr'>exemplum</span> <span class='ocrx_word' id='word_1_83' title='bbox 551 797 828 837; x_wconf 79' lang='lat' dir='ltr'>hibernicum.</span> 
     </span>
    </p>

    <p class='ocr_par' dir='ltr' id='par_1_4' title="bbox 90 866 1640 1819">
     <span class='ocr_line' id='line_1_11' title="bbox 211 866 1635 919; baseline 0.001 -13"><span class='ocrx_word' id='word_1_84' title='bbox 211 868 256 918; x_wconf 80' lang='lat' dir='ltr'>d)</span> <span class='ocrx_word' id='word_1_85' title='bbox 287 866 500 906; x_wconf 77' lang='lat' dir='ltr'>Derivatio</span> <span class='ocrx_word' id='word_1_86' title='bbox 522 881 710 906; x_wconf 77' lang='lat' dir='ltr'>connexa</span> <span class='ocrx_word' id='word_1_87' title='bbox 730 867 815 906; x_wconf 91' lang='lat' dir='ltr'>ND</span> <span class='ocrx_word' id='word_1_88' title='bbox 837 866 973 906; x_wconf 90' lang='lat' dir='ltr'>adhue</span> <span class='ocrx_word' id='word_1_89' title='bbox 995 866 1039 905; x_wconf 91' lang='lat' dir='ltr'>in</span> <span class='ocrx_word' id='word_1_90' title='bbox 1060 868 1191 906; x_wconf 86' lang='lat' dir='ltr'>subst.</span> <span class='ocrx_word' id='word_1_91' title='bbox 1215 868 1381 907; x_wconf 76' lang='lat' dir='ltr'>tallaml</span> <span class='ocrx_word' id='word_1_92' title='bbox 1395 869 1635 919; x_wconf 83' lang='lat' dir='ltr'>(talentum,</span> 
     </span>
     <span class='ocr_line' id='line_1_12' title="bbox 98 935 1640 988; baseline 0.001 -13"><span class='ocrx_word' id='word_1_93' title='bbox 98 936 297 983; x_wconf 77' lang='lat' dir='ltr'>facultas;</span> <span class='ocrx_word' id='word_1_94' title='bbox 331 936 438 988; x_wconf 83' lang='lat' dir='ltr'>gael.</span> <span class='ocrx_word' id='word_1_95' title='bbox 475 936 659 986; x_wconf 71' lang='grc' dir='ltr'>ϊὰἶαηη&gt;ε</span> <span class='ocrx_word' id='word_1_96' title='bbox 695 935 905 988; x_wconf 66' lang='lat' dir='ltr'>arafoqlza</span> <span class='ocrx_word' id='word_1_97' title='bbox 941 936 1106 975; x_wconf 67' lang='lat' dir='ltr'>{alland</span> <span class='ocrx_word' id='word_1_98' title='bbox 1133 936 1250 975; x_wconf 68' lang='lat' dir='ltr'>ociicla</span> <span class='ocrx_word' id='word_1_99' title='bbox 1280 937 1414 976; x_wconf 78' lang='lat' dir='ltr'>zccmm&#39;</span> <span class='ocrx_word' id='word_1_100' title='bbox 1441 937 1640 977; x_wconf 74' lang='lat' dir='ltr'>dz&#39;alaz&#39;liu</span> 
     </span>
     <span class='ocr_line' id='line_1_13' title="bbox 99 1003 1639 1057; baseline 0.002 -13"><span class='ocrx_word' id='word_1_101' title='bbox 99 1005 313 1055; x_wconf 76' lang='lat' dir='ltr'>(inserviat</span> <span class='ocrx_word' id='word_1_102' title='bbox 343 1005 516 1044; x_wconf 79' lang='lat' dir='ltr'>facultas</span> <span class='ocrx_word' id='word_1_103' title='bbox 547 1004 731 1057; x_wconf 78' lang='lat' dir='ltr'>cujusvis</span> <span class='ocrx_word' id='word_1_104' title='bbox 761 1018 782 1043; x_wconf 91' lang='lat' dir='ltr'>e</span> <span class='ocrx_word' id='word_1_105' title='bbox 804 1003 922 1043; x_wconf 89' lang='lat' dir='ltr'>nobis</span> <span class='ocrx_word' id='word_1_106' title='bbox 945 1004 1033 1055; x_wconf 85' lang='lat' dir='ltr'>alii)</span> <span class='ocrx_word' id='word_1_107' title='bbox 1056 1005 1155 1044; x_wconf 85' lang='lat' dir='ltr'>Wb.</span> <span class='ocrx_word' id='word_1_108' title='bbox 1186 1009 1264 1044; x_wconf 77' lang='lat'>12²¹.</span> <span class='ocrx_word' id='word_1_109' title='bbox 1299 1006 1398 1046; x_wconf 72' lang='lat' dir='ltr'>arni</span> <span class='ocrx_word' id='word_1_110' title='bbox 1418 1007 1553 1046; x_wconf 74' lang='lat' dir='ltr'>tacair</span> <span class='ocrx_word' id='word_1_111' title='bbox 1579 1008 1639 1047; x_wconf 84' lang='lat' dir='ltr'>la-</span> 
     </span>
     <span class='ocr_line' id='line_1_14' title="bbox 98 1073 1640 1128; baseline 0.001 -14"><span class='ocrx_word' id='word_1_112' title='bbox 98 1075 216 1114; x_wconf 73' lang='lat' dir='ltr'>sm‘de</span> <span class='ocrx_word' id='word_1_113' title='bbox 245 1074 488 1113; x_wconf 72' lang='lat' dir='ltr'>mo&#39;e’dmiclze</span> <span class='ocrx_word' id='word_1_114' title='bbox 519 1075 570 1113; x_wconf 84' lang='lat' dir='ltr'>do</span> <span class='ocrx_word' id='word_1_115' title='bbox 601 1073 731 1113; x_wconf 74' lang='lat' dir='ltr'>neuch</span> <span class='ocrx_word' id='word_1_116' title='bbox 762 1073 1111 1113; x_wconf 68' lang='lat' dir='ltr'>innnohtlzallond</span> <span class='ocrx_word' id='word_1_117' title='bbox 1134 1075 1208 1127; x_wconf 80' lang='lat' dir='ltr'>(gl.</span> <span class='ocrx_word' id='word_1_118' title='bbox 1234 1076 1346 1128; x_wconf 91' lang='lat' dir='ltr'>quod</span> <span class='ocrx_word' id='word_1_119' title='bbox 1378 1076 1524 1128; x_wconf 87' lang='lat' dir='ltr'>loquor</span> <span class='ocrx_word' id='word_1_120' title='bbox 1554 1090 1640 1116; x_wconf 87' lang='lat' dir='ltr'>non</span> 
     </span>
     <span class='ocr_line' id='line_1_15' title="bbox 97 1142 1640 1198; baseline 0.001 -14"><span class='ocrx_word' id='word_1_121' title='bbox 97 1145 243 1197; x_wconf 89' lang='lat' dir='ltr'>loquor</span> <span class='ocrx_word' id='word_1_122' title='bbox 264 1144 496 1183; x_wconf 81' lang='lat' dir='ltr'>seeundum</span> <span class='ocrx_word' id='word_1_123' title='bbox 517 1144 656 1190; x_wconf 87' lang='lat' dir='ltr'>deum,</span> <span class='ocrx_word' id='word_1_124' title='bbox 680 1146 716 1181; x_wconf 84' lang='lat'>2.</span> <span class='ocrx_word' id='word_1_125' title='bbox 739 1143 834 1182; x_wconf 87' lang='lat' dir='ltr'>Cor.</span> <span class='ocrx_word' id='word_1_126' title='bbox 860 1147 924 1191; x_wconf 85' lang='lat'>11,</span> <span class='ocrx_word' id='word_1_127' title='bbox 951 1147 996 1180; x_wconf 88' lang='grc'>17</span> <span class='ocrx_word' id='word_1_128' title='bbox 1014 1159 1023 1190; x_wconf 85' lang='lat'>3</span> <span class='ocrx_word' id='word_1_129' title='bbox 1050 1142 1077 1182; x_wconf 89' lang='lat' dir='ltr'>i.</span> <span class='ocrx_word' id='word_1_130' title='bbox 1099 1158 1134 1183; x_wconf 85' lang='lat' dir='ltr'>e.</span> <span class='ocrx_word' id='word_1_131' title='bbox 1160 1159 1259 1183; x_wconf 90' lang='lat' dir='ltr'>nam</span> <span class='ocrx_word' id='word_1_132' title='bbox 1280 1159 1367 1184; x_wconf 91' lang='lat' dir='ltr'>non</span> <span class='ocrx_word' id='word_1_133' title='bbox 1387 1145 1505 1184; x_wconf 81' lang='lat' dir='ltr'>decet</span> <span class='ocrx_word' id='word_1_134' title='bbox 1526 1147 1640 1198; x_wconf 89' lang='lat' dir='ltr'>apud</span> 
     </span>
     <span class='ocr_line' id='line_1_16' title="bbox 99 1211 1635 1266; baseline 0.001 -13"><span class='ocrx_word' id='word_1_135' title='bbox 99 1215 211 1253; x_wconf 81' lang='lat' dir='ltr'>hune</span> <span class='ocrx_word' id='word_1_136' title='bbox 227 1212 394 1266; x_wconf 76' lang='lat' dir='ltr'>gloriari</span> <span class='ocrx_word' id='word_1_137' title='bbox 406 1212 586 1264; x_wconf 84' lang='lat' dir='ltr'>aliquem</span> <span class='ocrx_word' id='word_1_138' title='bbox 600 1212 649 1251; x_wconf 88' lang='lat' dir='ltr'>de</span> <span class='ocrx_word' id='word_1_139' title='bbox 662 1211 801 1263; x_wconf 89' lang='lat' dir='ltr'>aliqua</span> <span class='ocrx_word' id='word_1_140' title='bbox 814 1211 1028 1263; x_wconf 81' lang='lat' dir='ltr'>facultate)</span> <span class='ocrx_word' id='word_1_141' title='bbox 1042 1213 1140 1252; x_wconf 87' lang='lat' dir='ltr'>Wb.</span> <span class='ocrx_word' id='word_1_142' title='bbox 1161 1218 1175 1251; x_wconf 88' lang='lat'>1</span> <span class='ocrx_word' id='word_1_143' title='bbox 1190 1217 1240 1262; x_wconf 78' lang='lat'>7⁰,</span> <span class='ocrx_word' id='word_1_144' title='bbox 1255 1228 1332 1253; x_wconf 80' lang='lat' dir='ltr'>nee</span> <span class='ocrx_word' id='word_1_145' title='bbox 1348 1229 1433 1254; x_wconf 90' lang='lat' dir='ltr'>non</span> <span class='ocrx_word' id='word_1_146' title='bbox 1447 1214 1490 1254; x_wconf 90' lang='lat' dir='ltr'>in</span> <span class='ocrx_word' id='word_1_147' title='bbox 1503 1216 1635 1254; x_wconf 89' lang='lat' dir='ltr'>subst.</span> 
     </span>
     <span class='ocr_line' id='line_1_17' title="bbox 98 1280 1637 1336; baseline 0.001 -13"><span class='ocrx_word' id='word_1_148' title='bbox 98 1292 137 1323; x_wconf 83' lang='lat' dir='ltr'>et</span> <span class='ocrx_word' id='word_1_149' title='bbox 168 1284 279 1322; x_wconf 83' lang='lat' dir='ltr'>verb.</span> <span class='ocrx_word' id='word_1_150' title='bbox 304 1282 497 1322; x_wconf 73' lang='lat' dir='ltr'>scrz&#39;beml</span> <span class='ocrx_word' id='word_1_151' title='bbox 517 1281 724 1331; x_wconf 81' lang='lat' dir='ltr'>(seribere,</span> <span class='ocrx_word' id='word_1_152' title='bbox 750 1280 971 1333; x_wconf 84' lang='lat' dir='ltr'>scriptura)</span> <span class='ocrx_word' id='word_1_153' title='bbox 994 1282 1093 1320; x_wconf 83' lang='lat' dir='ltr'>Wb.</span> <span class='ocrx_word' id='word_1_154' title='bbox 1121 1282 1193 1334; x_wconf 81' lang='lat' dir='ltr'>Sg.</span> <span class='ocrx_word' id='word_1_155' title='bbox 1220 1283 1308 1331; x_wconf 87' lang='lat' dir='ltr'>Cr.,</span> <span class='ocrx_word' id='word_1_156' title='bbox 1334 1297 1385 1322; x_wconf 82' lang='lat' dir='ltr'>ex</span> <span class='ocrx_word' id='word_1_157' title='bbox 1416 1298 1498 1336; x_wconf 90' lang='lat' dir='ltr'>quo</span> <span class='ocrx_word' id='word_1_158' title='bbox 1529 1299 1637 1324; x_wconf 82' lang='lat' dir='ltr'>eom-</span> 
     </span>
     <span class='ocr_line' id='line_1_18' title="bbox 98 1349 1634 1406; baseline 0.001 -14"><span class='ocrx_word' id='word_1_159' title='bbox 98 1366 187 1405; x_wconf 84' lang='lat' dir='ltr'>pos.</span> <span class='ocrx_word' id='word_1_160' title='bbox 220 1351 489 1392; x_wconf 62' lang='lat' dir='ltr'>affiwribwzd</span> <span class='ocrx_word' id='word_1_161' title='bbox 517 1350 592 1402; x_wconf 83' lang='lat' dir='ltr'>(gl.</span> <span class='ocrx_word' id='word_1_162' title='bbox 624 1349 889 1402; x_wconf 80' lang='lat' dir='ltr'>rescriptum)</span> <span class='ocrx_word' id='word_1_163' title='bbox 913 1350 982 1390; x_wconf 91' lang='lat' dir='ltr'>Cr.</span> <span class='ocrx_word' id='word_1_164' title='bbox 1009 1354 1101 1398; x_wconf 79' lang='lat'>40³,</span> <span class='ocrx_word' id='word_1_165' title='bbox 1133 1351 1527 1392; x_wconf 58' lang='lat' dir='ltr'>incomscrz&#39;bndaith</span> <span class='ocrx_word' id='word_1_166' title='bbox 1558 1354 1634 1406; x_wconf 83' lang='lat' dir='ltr'>(gl.</span> 
     </span>
     <span class='ocr_line' id='line_1_19' title="bbox 98 1419 1638 1476; baseline 0.002 -16"><span class='ocrx_word' id='word_1_167' title='bbox 98 1421 401 1475; x_wconf 72' lang='lat' dir='ltr'>syngraphum)</span> <span class='ocrx_word' id='word_1_168' title='bbox 425 1420 497 1472; x_wconf 77' lang='lat' dir='ltr'>Sg.</span> <span class='ocrx_word' id='word_1_169' title='bbox 520 1422 602 1468; x_wconf 72' lang='lat'>24³,</span> <span class='ocrx_word' id='word_1_170' title='bbox 624 1419 743 1472; x_wconf 84' lang='lat' dir='ltr'>cujus</span> <span class='ocrx_word' id='word_1_171' title='bbox 766 1419 844 1458; x_wconf 73' lang='lat' dir='ltr'>—nd</span> <span class='ocrx_word' id='word_1_172' title='bbox 863 1419 1042 1458; x_wconf 83' lang='lat' dir='ltr'>alternat</span> <span class='ocrx_word' id='word_1_173' title='bbox 1063 1419 1275 1472; x_wconf 83' lang='lat' dir='ltr'>interdum</span> <span class='ocrx_word' id='word_1_174' title='bbox 1297 1436 1394 1460; x_wconf 80' lang='lat' dir='ltr'>eum</span> <span class='ocrx_word' id='word_1_175' title='bbox 1415 1428 1491 1471; x_wconf 75' lang='lat' dir='ltr'>-nt,</span> <span class='ocrx_word' id='word_1_176' title='bbox 1513 1431 1638 1476; x_wconf 84' lang='lat' dir='ltr'>atque</span> 
     </span>
     <span class='ocr_line' id='line_1_20' title="bbox 97 1488 1634 1545; baseline 0.003 -17"><span class='ocrx_word' id='word_1_177' title='bbox 97 1490 141 1530; x_wconf 92' lang='lat' dir='ltr'>in</span> <span class='ocrx_word' id='word_1_178' title='bbox 179 1490 325 1542; x_wconf 68' lang='lat' dir='ltr'>leyend</span> <span class='ocrx_word' id='word_1_179' title='bbox 359 1489 529 1541; x_wconf 82' lang='lat' dir='ltr'>(legere)</span> <span class='ocrx_word' id='word_1_180' title='bbox 561 1490 660 1529; x_wconf 85' lang='lat' dir='ltr'>Wb.</span> <span class='ocrx_word' id='word_1_181' title='bbox 694 1489 766 1541; x_wconf 79' lang='lat' dir='ltr'>Sg.</span> <span class='ocrx_word' id='word_1_182' title='bbox 793 1488 863 1539; x_wconf 85' lang='lat' dir='ltr'>(ef.</span> <span class='ocrx_word' id='word_1_183' title='bbox 888 1502 929 1540; x_wconf 87' lang='lat' dir='ltr'>p.</span> <span class='ocrx_word' id='word_1_184' title='bbox 957 1492 1072 1540; x_wconf 80' lang='lat'>462).</span> <span class='ocrx_word' id='word_1_185' title='bbox 1117 1489 1267 1528; x_wconf 88' lang='lat' dir='ltr'>Porro:</span> <span class='ocrx_word' id='word_1_186' title='bbox 1309 1491 1532 1545; x_wconf 67' lang='lat' dir='ltr'>o&#39;yclz&#39;lyend</span> <span class='ocrx_word' id='word_1_187' title='bbox 1559 1493 1634 1545; x_wconf 82' lang='lat' dir='ltr'>(gl.</span> 
     </span>
     <span class='ocr_line' id='line_1_21' title="bbox 96 1558 1637 1611; baseline 0.002 -13"><span class='ocrx_word' id='word_1_188' title='bbox 96 1559 341 1609; x_wconf 80' lang='lat' dir='ltr'>internecio)</span> <span class='ocrx_word' id='word_1_189' title='bbox 360 1558 432 1610; x_wconf 83' lang='lat' dir='ltr'>Sg.</span> <span class='ocrx_word' id='word_1_190' title='bbox 455 1562 537 1597; x_wconf 73' lang='lat'>52³.</span> <span class='ocrx_word' id='word_1_191' title='bbox 573 1559 626 1597; x_wconf 88' lang='lat' dir='ltr'>In</span> <span class='ocrx_word' id='word_1_192' title='bbox 647 1559 732 1598; x_wconf 75' lang='lat' dir='ltr'>NN</span> <span class='ocrx_word' id='word_1_193' title='bbox 755 1558 986 1598; x_wconf 86' lang='lat' dir='ltr'>seeundum</span> <span class='ocrx_word' id='word_1_194' title='bbox 1006 1559 1195 1611; x_wconf 80' lang='lat' dir='ltr'>regulam</span> <span class='ocrx_word' id='word_1_195' title='bbox 1218 1559 1384 1599; x_wconf 86' lang='lat' dir='ltr'>transiit</span> <span class='ocrx_word' id='word_1_196' title='bbox 1404 1560 1448 1599; x_wconf 93' lang='lat' dir='ltr'>in</span> <span class='ocrx_word' id='word_1_197' title='bbox 1467 1561 1637 1601; x_wconf 87' lang='lat' dir='ltr'>nomine</span> 
     </span>
     <span class='ocr_line' id='line_1_22' title="bbox 97 1627 1637 1681; baseline 0.001 -14"><span class='ocrx_word' id='word_1_198' title='bbox 97 1628 215 1667; x_wconf 87' lang='lat' dir='ltr'>fluvii</span> <span class='ocrx_word' id='word_1_199' title='bbox 237 1627 467 1667; x_wconf 85' lang='lat' dir='ltr'>Hiberniae</span> <span class='ocrx_word' id='word_1_200' title='bbox 485 1628 662 1676; x_wconf 67' lang='lat' dir='ltr'>de&#39;mze,</span> <span class='ocrx_word' id='word_1_201' title='bbox 684 1642 705 1666; x_wconf 90' lang='lat' dir='ltr'>e</span> <span class='ocrx_word' id='word_1_202' title='bbox 722 1627 946 1667; x_wconf 81' lang='lat' dir='ltr'>vetustiore</span> <span class='ocrx_word' id='word_1_203' title='bbox 963 1628 1158 1668; x_wconf 71' lang='lat' dir='ltr'>Bovinda</span> <span class='ocrx_word' id='word_1_204' title='bbox 1176 1630 1235 1681; x_wconf 86' lang='lat' dir='ltr'>(p.</span> <span class='ocrx_word' id='word_1_205' title='bbox 1259 1633 1325 1668; x_wconf 87' lang='lat'>67.</span> <span class='ocrx_word' id='word_1_206' title='bbox 1350 1631 1434 1680; x_wconf 77' lang='lat'>74).</span> <span class='ocrx_word' id='word_1_207' title='bbox 1469 1630 1637 1669; x_wconf 88' lang='lat' dir='ltr'>Nomen</span> 
     </span>
     <span class='ocr_line' id='line_1_23' title="bbox 97 1696 1636 1750; baseline 0.001 -13"><span class='ocrx_word' id='word_1_208' title='bbox 97 1698 259 1737; x_wconf 87' lang='lat' dir='ltr'>insulae</span> <span class='ocrx_word' id='word_1_209' title='bbox 288 1696 418 1749; x_wconf 84' lang='lat' dir='ltr'>ipsius</span> <span class='ocrx_word' id='word_1_210' title='bbox 440 1697 601 1744; x_wconf 71' lang='lat' dir='ltr'>Ereml,</span> <span class='ocrx_word' id='word_1_211' title='bbox 625 1698 773 1736; x_wconf 73' lang='lat' dir='ltr'>Eremz</span> <span class='ocrx_word' id='word_1_212' title='bbox 794 1711 880 1735; x_wconf 90' lang='lat' dir='ltr'>non</span> <span class='ocrx_word' id='word_1_213' title='bbox 901 1696 1134 1736; x_wconf 78' lang='lat' dir='ltr'>derivatum</span> <span class='ocrx_word' id='word_1_214' title='bbox 1155 1698 1226 1737; x_wconf 86' lang='lat' dir='ltr'>sed</span> <span class='ocrx_word' id='word_1_215' title='bbox 1248 1698 1527 1750; x_wconf 82' lang='lat' dir='ltr'>compositum</span> <span class='ocrx_word' id='word_1_216' title='bbox 1548 1713 1636 1739; x_wconf 90' lang='lat' dir='ltr'>esse</span> 
     </span>
     <span class='ocr_line' id='line_1_24' title="bbox 90 1767 940 1819; baseline -0.002 -13"><span class='ocrx_word' id='word_1_217' title='bbox 90 1767 179 1819; x_wconf 88' lang='lat' dir='ltr'>jam</span> <span class='ocrx_word' id='word_1_218' title='bbox 201 1767 530 1805; x_wconf 85' lang='lat' dir='ltr'>demonstratum</span> <span class='ocrx_word' id='word_1_219' title='bbox 552 1773 614 1805; x_wconf 84' lang='lat' dir='ltr'>est</span> <span class='ocrx_word' id='word_1_220' title='bbox 635 1768 694 1819; x_wconf 91' lang='lat' dir='ltr'>(p.</span> <span class='ocrx_word' id='word_1_221' title='bbox 724 1770 788 1814; x_wconf 77' lang='grc'>74,</span> <span class='ocrx_word' id='word_1_222' title='bbox 814 1767 940 1817; x_wconf 89' lang='lat' dir='ltr'>not.).</span> 
     </span>
    </p>
   </div>
   <div class='ocr_carea' id='block_1_3' title="bbox 736 1892 973 1898">
    <p class='ocr_par' dir='ltr' id='par_1_5' title="bbox 736 1892 973 1898">
     <span class='ocr_line' id='line_1_25' title="bbox 736 1892 973 1898; baseline 0 0"><span class='ocrx_word' id='word_1_223' title='bbox 736 1892 973 1898; x_wconf 95' lang='lat' dir='ltr'> </span> 
     </span>
    </p>
   </div>
   <div class='ocr_carea' id='block_1_4' title="bbox 92 1967 1632 2897">
    <p class='ocr_par' dir='ltr' id='par_1_6' title="bbox 92 1967 1632 2849">
     <span class='ocr_line' id='line_1_26' title="bbox 209 1967 1632 2021; baseline -0.001 -13"><span class='ocrx_word' id='word_1_224' title='bbox 209 1968 250 2008; x_wconf 89' lang='lat' dir='ltr'><strong>G</strong></span> <span class='ocrx_word' id='word_1_225' title='bbox 277 1967 427 2021; x_wconf 82' lang='lat' dir='ltr'>gallica</span> <span class='ocrx_word' id='word_1_226' title='bbox 457 1967 648 2007; x_wconf 86' lang='lat' dir='ltr'>derivans</span> <span class='ocrx_word' id='word_1_227' title='bbox 678 1967 807 2007; x_wconf 84' lang='lat' dir='ltr'>rarior</span> <span class='ocrx_word' id='word_1_228' title='bbox 828 1976 889 2007; x_wconf 86' lang='lat' dir='ltr'>est</span> <span class='ocrx_word' id='word_1_229' title='bbox 911 1967 1056 2008; x_wconf 83' lang='lat' dir='ltr'>ceteris</span> <span class='ocrx_word' id='word_1_230' title='bbox 1077 1967 1239 2007; x_wconf 85' lang='lat' dir='ltr'>mediis.</span> <span class='ocrx_word' id='word_1_231' title='bbox 1283 1968 1366 2007; x_wconf 79' lang='lat' dir='ltr'>AG</span> <span class='ocrx_word' id='word_1_232' title='bbox 1387 1967 1432 2007; x_wconf 89' lang='lat' dir='ltr'>in</span> <span class='ocrx_word' id='word_1_233' title='bbox 1452 1967 1632 2008; x_wconf 89' lang='lat' dir='ltr'>nomini-</span> 
     </span>
     <span class='ocr_line' id='line_1_27' title="bbox 94 2036 1614 2090; baseline 0 -14"><span class='ocrx_word' id='word_1_234' title='bbox 94 2039 171 2077; x_wconf 87' lang='lat' dir='ltr'>bus</span> <span class='ocrx_word' id='word_1_235' title='bbox 200 2037 375 2090; x_wconf 88' lang='lat' dir='ltr'>propriis</span> <span class='ocrx_word' id='word_1_236' title='bbox 407 2037 609 2076; x_wconf 87' lang='lat' dir='ltr'>virorum:</span> <span class='ocrx_word' id='word_1_237' title='bbox 645 2036 861 2089; x_wconf 81' lang='lat' dir='ltr'>Adbogius</span> <span class='ocrx_word' id='word_1_238' title='bbox 883 2037 1060 2090; x_wconf 85' lang='lat' dir='ltr'>Coinagi</span> <span class='ocrx_word' id='word_1_239' title='bbox 1080 2037 1140 2076; x_wconf 94' lang='lat' dir='ltr'>fil.</span> <span class='ocrx_word' id='word_1_240' title='bbox 1167 2036 1471 2088; x_wconf 77' lang='lat' dir='ltr'>(Petrucorius)</span> <span class='ocrx_word' id='word_1_241' title='bbox 1494 2037 1614 2076; x_wconf 88' lang='lat' dir='ltr'>Inser</span> 
     </span>
     <span class='ocr_line' id='line_1_28' title="bbox 96 2105 1631 2158; baseline -0.001 -12"><span class='ocrx_word' id='word_1_242' title='bbox 96 2107 228 2146; x_wconf 78' lang='lat' dir='ltr'>Stein.</span> <span class='ocrx_word' id='word_1_243' title='bbox 256 2111 350 2145; x_wconf 72' lang='lat'>440.</span> <span class='ocrx_word' id='word_1_244' title='bbox 375 2120 500 2145; x_wconf 86' lang='lat' dir='ltr'>mem.</span> <span class='ocrx_word' id='word_1_245' title='bbox 526 2105 702 2158; x_wconf 80' lang='lat' dir='ltr'>Nertagi</span> <span class='ocrx_word' id='word_1_246' title='bbox 723 2105 848 2144; x_wconf 87' lang='lat' dir='ltr'>Avin.</span> <span class='ocrx_word' id='word_1_247' title='bbox 876 2105 1000 2146; x_wconf 87' lang='lat' dir='ltr'>Grut.</span> <span class='ocrx_word' id='word_1_248' title='bbox 1031 2111 1125 2154; x_wconf 89' lang='grc'>700,</span> <span class='ocrx_word' id='word_1_249' title='bbox 1154 2111 1192 2145; x_wconf 88' lang='grc'>3.</span> <span class='ocrx_word' id='word_1_250' title='bbox 1219 2105 1470 2145; x_wconf 82' lang='lat' dir='ltr'>Bellatullus</span> <span class='ocrx_word' id='word_1_251' title='bbox 1492 2106 1631 2145; x_wconf 89' lang='lat' dir='ltr'>Birra-</span> 
     </span>
     <span class='ocr_line' id='line_1_29' title="bbox 93 2174 1630 2229; baseline 0 -15"><span class='ocrx_word' id='word_1_252' title='bbox 93 2176 212 2229; x_wconf 74' lang='lat' dir='ltr'>gonis</span> <span class='ocrx_word' id='word_1_253' title='bbox 233 2176 291 2215; x_wconf 91' lang='lat' dir='ltr'>fil.</span> <span class='ocrx_word' id='word_1_254' title='bbox 315 2176 439 2216; x_wconf 85' lang='lat' dir='ltr'>Grut.</span> <span class='ocrx_word' id='word_1_255' title='bbox 465 2180 557 2224; x_wconf 85' lang='grc'>763,</span> <span class='ocrx_word' id='word_1_256' title='bbox 582 2180 619 2223; x_wconf 95' lang='grc'>6,</span> <span class='ocrx_word' id='word_1_257' title='bbox 641 2174 791 2226; x_wconf 86' lang='lat' dir='ltr'>quibus</span> <span class='ocrx_word' id='word_1_258' title='bbox 813 2175 933 2214; x_wconf 83' lang='lat' dir='ltr'>facile</span> <span class='ocrx_word' id='word_1_259' title='bbox 955 2175 1134 2215; x_wconf 83' lang='lat' dir='ltr'>sociatur</span> <span class='ocrx_word' id='word_1_260' title='bbox 1156 2177 1428 2228; x_wconf 81' lang='lat' dir='ltr'>Teutagonus</span> <span class='ocrx_word' id='word_1_261' title='bbox 1447 2176 1630 2225; x_wconf 84' lang='lat' dir='ltr'>(Baster-</span> 
     </span>
     <span class='ocr_line' id='line_1_30' title="bbox 93 2243 1631 2297; baseline -0.001 -13"><span class='ocrx_word' id='word_1_262' title='bbox 93 2259 242 2284; x_wconf 83' lang='lat' dir='ltr'>narum</span> <span class='ocrx_word' id='word_1_263' title='bbox 259 2246 362 2297; x_wconf 85' lang='lat' dir='ltr'>dux)</span> <span class='ocrx_word' id='word_1_264' title='bbox 381 2244 520 2284; x_wconf 74' lang='lat' dir='ltr'>Valer.</span> <span class='ocrx_word' id='word_1_265' title='bbox 542 2244 678 2283; x_wconf 79' lang='lat' dir='ltr'>Flaee.</span> <span class='ocrx_word' id='word_1_266' title='bbox 699 2245 932 2296; x_wconf 79' lang='lat' dir='ltr'>Argonaut.</span> <span class='ocrx_word' id='word_1_267' title='bbox 952 2249 989 2293; x_wconf 92' lang='lat'>6,</span> <span class='ocrx_word' id='word_1_268' title='bbox 1013 2249 1080 2284; x_wconf 87' lang='grc'>97.</span> <span class='ocrx_word' id='word_1_269' title='bbox 1107 2245 1360 2283; x_wconf 89' lang='lat' dir='ltr'>Addendum</span> <span class='ocrx_word' id='word_1_270' title='bbox 1376 2258 1497 2296; x_wconf 88' lang='lat' dir='ltr'>porro</span> <span class='ocrx_word' id='word_1_271' title='bbox 1515 2243 1631 2283; x_wconf 84' lang='lat' dir='ltr'>Galh&#39;</span> 
     </span>
     <span class='ocr_line' id='line_1_31' title="bbox 93 2312 1625 2366; baseline -0.001 -13"><span class='ocrx_word' id='word_1_272' title='bbox 93 2328 246 2353; x_wconf 86' lang='lat' dir='ltr'>nomen</span> <span class='ocrx_word' id='word_1_273' title='bbox 277 2315 466 2366; x_wconf 66' lang='lat' dir='ltr'>Vosagus</span> <span class='ocrx_word' id='word_1_274' title='bbox 489 2313 559 2364; x_wconf 85' lang='lat' dir='ltr'>(cf.</span> <span class='ocrx_word' id='word_1_275' title='bbox 586 2313 842 2362; x_wconf 79' lang='lat' dir='ltr'>Bellovesus,</span> <span class='ocrx_word' id='word_1_276' title='bbox 876 2313 1115 2366; x_wconf 83' lang='lat' dir='ltr'>Sigovesus,</span> <span class='ocrx_word' id='word_1_277' title='bbox 1148 2312 1400 2365; x_wconf 74' lang='lat' dir='ltr'>Vesontion)</span> <span class='ocrx_word' id='word_1_278' title='bbox 1425 2312 1500 2352; x_wconf 85' lang='lat' dir='ltr'>Sil.</span> <span class='ocrx_word' id='word_1_279' title='bbox 1526 2313 1625 2352; x_wconf 85' lang='lat' dir='ltr'>Ital.</span> 
     </span>
     <span class='ocr_line' id='line_1_32' title="bbox 95 2381 1628 2436; baseline 0 -16"><span class='ocrx_word' id='word_1_280' title='bbox 95 2388 133 2430; x_wconf 78' lang='grc'>4,</span> <span class='ocrx_word' id='word_1_281' title='bbox 162 2386 255 2431; x_wconf 81' lang='grc'>213,</span> <span class='ocrx_word' id='word_1_282' title='bbox 281 2391 328 2422; x_wconf 84' lang='lat' dir='ltr'>ut</span> <span class='ocrx_word' id='word_1_283' title='bbox 356 2383 508 2435; x_wconf 84' lang='lat' dir='ltr'>legitur</span> <span class='ocrx_word' id='word_1_284' title='bbox 538 2382 580 2421; x_wconf 85' lang='lat' dir='ltr'>in</span> <span class='ocrx_word' id='word_1_285' title='bbox 610 2382 730 2421; x_wconf 82' lang='lat' dir='ltr'>editis</span> <span class='ocrx_word' id='word_1_286' title='bbox 764 2390 803 2421; x_wconf 91' lang='lat' dir='ltr'>et</span> <span class='ocrx_word' id='word_1_287' title='bbox 827 2382 1004 2436; x_wconf 85' lang='lat' dir='ltr'>seriptis,</span> <span class='ocrx_word' id='word_1_288' title='bbox 1030 2381 1074 2421; x_wconf 89' lang='lat' dir='ltr'>in</span> <span class='ocrx_word' id='word_1_289' title='bbox 1094 2381 1185 2421; x_wconf 87' lang='lat' dir='ltr'>aliis</span> <span class='ocrx_word' id='word_1_290' title='bbox 1208 2383 1411 2435; x_wconf 80' lang='lat' dir='ltr'>Vosegus,</span> <span class='ocrx_word' id='word_1_291' title='bbox 1437 2383 1628 2434; x_wconf 80' lang='lat' dir='ltr'>Vesogus</span> 
     </span>
     <span class='ocr_line' id='line_1_33' title="bbox 94 2450 1626 2504; baseline -0.001 -13"><span class='ocrx_word' id='word_1_292' title='bbox 94 2460 132 2491; x_wconf 83' lang='lat' dir='ltr'>et</span> <span class='ocrx_word' id='word_1_293' title='bbox 160 2452 290 2504; x_wconf 79' lang='lat' dir='ltr'>magis</span> <span class='ocrx_word' id='word_1_294' title='bbox 313 2452 518 2491; x_wconf 79' lang='lat' dir='ltr'>variatum</span> <span class='ocrx_word' id='word_1_295' title='bbox 540 2452 743 2504; x_wconf 70' lang='lat' dir='ltr'>Vosegus,</span> <span class='ocrx_word' id='word_1_296' title='bbox 769 2452 974 2504; x_wconf 75' lang='lat' dir='ltr'>Vogesus.</span> <span class='ocrx_word' id='word_1_297' title='bbox 1015 2450 1175 2490; x_wconf 87' lang='lat' dir='ltr'>Montis</span> <span class='ocrx_word' id='word_1_298' title='bbox 1201 2450 1302 2490; x_wconf 89' lang='lat' dir='ltr'>item</span> <span class='ocrx_word' id='word_1_299' title='bbox 1322 2464 1475 2490; x_wconf 88' lang='lat' dir='ltr'>nomen</span> <span class='ocrx_word' id='word_1_300' title='bbox 1498 2451 1626 2490; x_wconf 89' lang='lat' dir='ltr'>Vose-</span> 
     </span>
     <span class='ocr_line' id='line_1_34' title="bbox 92 2517 1622 2573; baseline -0.002 -14"><span class='ocrx_word' id='word_1_301' title='bbox 92 2535 170 2573; x_wconf 81' lang='lat' dir='ltr'>gus</span> <span class='ocrx_word' id='word_1_302' title='bbox 203 2522 322 2561; x_wconf 78' lang='lat' dir='ltr'>Caes.</span> <span class='ocrx_word' id='word_1_303' title='bbox 356 2518 576 2573; x_wconf 70' lang='grc' dir='ltr'>Βάρσεγος</span> <span class='ocrx_word' id='word_1_304' title='bbox 606 2520 704 2572; x_wconf 84' lang='lat' dir='ltr'>(leg.</span> <span class='ocrx_word' id='word_1_305' title='bbox 733 2517 951 2573; x_wconf 76' lang='grc' dir='ltr'>Βώσεγος)</span> <span class='ocrx_word' id='word_1_306' title='bbox 979 2519 1167 2568; x_wconf 84' lang='lat' dir='ltr'>Julian.,</span> <span class='ocrx_word' id='word_1_307' title='bbox 1203 2520 1394 2572; x_wconf 76' lang='lat' dir='ltr'>Vosegus</span> <span class='ocrx_word' id='word_1_308' title='bbox 1426 2518 1622 2570; x_wconf 85' lang='lat' dir='ltr'>Inscript.</span> 
     </span>
     <span class='ocr_line' id='line_1_35' title="bbox 93 2587 1626 2641; baseline -0.003 -12"><span class='ocrx_word' id='word_1_309' title='bbox 93 2590 222 2629; x_wconf 81' lang='lat' dir='ltr'>Orell.</span> <span class='ocrx_word' id='word_1_310' title='bbox 251 2593 372 2638; x_wconf 86' lang='grc'>2072,</span> <span class='ocrx_word' id='word_1_311' title='bbox 400 2591 589 2641; x_wconf 64' lang='lat' dir='ltr'>Vosagus</span> <span class='ocrx_word' id='word_1_312' title='bbox 618 2589 662 2628; x_wconf 91' lang='lat' dir='ltr'>in</span> <span class='ocrx_word' id='word_1_313' title='bbox 684 2589 846 2628; x_wconf 88' lang='lat' dir='ltr'>Tabula</span> <span class='ocrx_word' id='word_1_314' title='bbox 869 2590 1009 2636; x_wconf 89' lang='lat' dir='ltr'>Peut.‚</span> <span class='ocrx_word' id='word_1_315' title='bbox 1035 2603 1139 2641; x_wconf 85' lang='lat' dir='ltr'>quae</span> <span class='ocrx_word' id='word_1_316' title='bbox 1163 2587 1433 2639; x_wconf 66' lang='lat' dir='ltr'>W&#39;izenburgi</span> <span class='ocrx_word' id='word_1_317' title='bbox 1457 2588 1509 2626; x_wconf 87' lang='lat' dir='ltr'>ad</span> <span class='ocrx_word' id='word_1_318' title='bbox 1530 2601 1626 2626; x_wconf 86' lang='lat' dir='ltr'>ean-</span> 
     </span>
     <span class='ocr_line' id='line_1_36' title="bbox 93 2655 1623 2711; baseline -0.001 -14"><span class='ocrx_word' id='word_1_319' title='bbox 93 2659 186 2697; x_wconf 88' lang='lat' dir='ltr'>dem</span> <span class='ocrx_word' id='word_1_320' title='bbox 208 2659 354 2698; x_wconf 83' lang='lat' dir='ltr'>silvam</span> <span class='ocrx_word' id='word_1_321' title='bbox 376 2658 580 2711; x_wconf 83' lang='lat' dir='ltr'>descripta</span> <span class='ocrx_word' id='word_1_322' title='bbox 602 2666 677 2706; x_wconf 87' lang='lat' dir='ltr'>est,</span> <span class='ocrx_word' id='word_1_323' title='bbox 699 2659 903 2710; x_wconf 75' lang='lat' dir='ltr'>VosaguS,</span> <span class='ocrx_word' id='word_1_324' title='bbox 925 2658 1148 2710; x_wconf 72' lang='lat' dir='ltr'>⁷Wosagus,</span> <span class='ocrx_word' id='word_1_325' title='bbox 1170 2658 1361 2709; x_wconf 70' lang='lat' dir='ltr'>Vosogus</span> <span class='ocrx_word' id='word_1_326' title='bbox 1383 2656 1426 2694; x_wconf 88' lang='lat' dir='ltr'>in</span> <span class='ocrx_word' id='word_1_327' title='bbox 1445 2655 1623 2695; x_wconf 83' lang='lat' dir='ltr'>Traditt.</span> 
     </span>
     <span class='ocr_line' id='line_1_37' title="bbox 94 2724 1627 2780; baseline -0.003 -15"><span class='ocrx_word' id='word_1_328' title='bbox 94 2735 271 2767; x_wconf 81' lang='lat' dir='ltr'>monast.</span> <span class='ocrx_word' id='word_1_329' title='bbox 297 2728 585 2780; x_wconf 52' lang='lat' dir='ltr'>XVizenburg„</span> <span class='ocrx_word' id='word_1_330' title='bbox 611 2727 762 2767; x_wconf 84' lang='lat' dir='ltr'>certius</span> <span class='ocrx_word' id='word_1_331' title='bbox 790 2726 934 2779; x_wconf 81' lang='lat' dir='ltr'>procul</span> <span class='ocrx_word' id='word_1_332' title='bbox 955 2726 1082 2765; x_wconf 88' lang='lat' dir='ltr'>dubio</span> <span class='ocrx_word' id='word_1_333' title='bbox 1104 2731 1164 2764; x_wconf 87' lang='lat' dir='ltr'>est</span> <span class='ocrx_word' id='word_1_334' title='bbox 1186 2732 1225 2763; x_wconf 84' lang='lat' dir='ltr'>et</span> <span class='ocrx_word' id='word_1_335' title='bbox 1248 2724 1398 2763; x_wconf 81' lang='lat' dir='ltr'>rectius</span> <span class='ocrx_word' id='word_1_336' title='bbox 1420 2738 1544 2776; x_wconf 87' lang='lat' dir='ltr'>quam</span> <span class='ocrx_word' id='word_1_337' title='bbox 1565 2724 1627 2762; x_wconf 87' lang='lat' dir='ltr'>in-</span> 
     </span>
     <span class='ocr_line' id='line_1_38' title="bbox 97 2791 1628 2849; baseline -0.001 -15"><span class='ocrx_word' id='word_1_338' title='bbox 97 2810 258 2836; x_wconf 72' lang='lat' dir='ltr'>versum</span> <span class='ocrx_word' id='word_1_339' title='bbox 279 2797 467 2849; x_wconf 83' lang='lat' dir='ltr'>Vogesus</span> <span class='ocrx_word' id='word_1_340' title='bbox 488 2798 646 2837; x_wconf 84' lang='lat' dir='ltr'>Lucan.</span> <span class='ocrx_word' id='word_1_341' title='bbox 672 2801 707 2844; x_wconf 92' lang='lat'>1,</span> <span class='ocrx_word' id='word_1_342' title='bbox 732 2800 825 2844; x_wconf 82' lang='lat'>391,</span> <span class='ocrx_word' id='word_1_343' title='bbox 847 2796 1052 2847; x_wconf 82' lang='lat' dir='ltr'>Vogesus,</span> <span class='ocrx_word' id='word_1_344' title='bbox 1073 2795 1265 2846; x_wconf 73' lang='lat' dir='ltr'>Vogasus</span> <span class='ocrx_word' id='word_1_345' title='bbox 1287 2791 1412 2831; x_wconf 87' lang='lat' dir='ltr'>etiam</span> <span class='ocrx_word' id='word_1_346' title='bbox 1435 2793 1546 2844; x_wconf 85' lang='lat' dir='ltr'>apud</span> <span class='ocrx_word' id='word_1_347' title='bbox 1568 2807 1628 2832; x_wconf 90' lang='lat' dir='ltr'>re-</span> 
     </span>
    </p>

    <p class='ocr_par' dir='ltr' id='par_1_7' title="bbox 1275 2859 1356 2897">
     <span class='ocr_line' id='line_1_39' title="bbox 1275 2863 1324 2897; baseline 0.012 -1"><span class='ocrx_word' id='word_1_348' title='bbox 1275 2863 1324 2897; x_wconf 66' lang='lat'>48</span> 
     </span>
    </p>
   </div>
  </div>
 </body>
</html>
