1963 3202
267 18 347 58 864
549 15 603 55 V.
632 18 670 54 2.
715 28 976 55 conposmuo
998 26 1269 54 BRITANNICA
1291 26 1524 55 NOMINUM.

264 129 555 171 llz‘diawcdrut
584 127 918 184 qyflymwyclzyr
948 127 1318 183 yr'eula2c27ffy7·yf
1345 125 1578 181 clyrclcauel
1607 142 1635 182 y
1663 127 1823 184 yledyf

265 215 393 241 aoruc
416 203 454 249 2,
483 204 548 238 51.
594 199 649 238 Et
671 197 877 251 ejusmodi
897 197 998 238 alibi
1019 197 1114 237 alia.

382 274 419 309 6.
463 268 673 322 Adjectivi
712 267 933 322 compositi
962 282 1059 308 00111
1088 269 1212 308 verbo
1242 267 1314 307 vix
1345 266 1524 307 occurrit
1555 269 1810 322 exemplum.

267 339 516 381 Numeralia
546 353 643 379 eum
674 337 948 378 substantivis
979 345 1291 392 componuntur
1319 337 1484 392 saepius
1515 344 1564 378 ut
1584 338 1811 393 adjectiva3

266 410 457 464 exempla
488 409 598 449 sistit
623 423 767 448 eorum
787 414 927 461 caput.
971 408 1170 448 Notanda
1191 408 1270 448 hoc
1289 408 1379 448 loco
1402 415 1463 449 est
1484 409 1715 462 proprietas
1736 409 1815 449 lin-

265 495 372 535 guae
394 478 637 527 cambricae,
659 492 765 532 quae
786 478 831 519 in
851 478 916 519 his
935 493 1021 518 non
1039 479 1174 519 solum
1191 493 1339 532 genus,
1361 480 1433 519 sed
1450 479 1576 519 etiam
1592 493 1817 519 numerum

267 565 364 591 cum
384 549 552 604 propria
572 548 787 589 interdum
808 549 939 589 forma
961 549 1198 602 distinguit,
1224 564 1260 589 e.
1281 564 1343 603 gr.
1363 565 1370 590 :
1399 550 1630 604 ffez’rbluyd,
1646 549 1816 602 peclez'r-

267 621 407 675 blwyd
427 622 542 673 (tres,
569 626 749 673 quatuor
769 619 893 668 anni,
927 619 1136 675 blwydyn,
1161 620 1276 670 fem„
1305 621 1396 670 teir,
1412 620 1564 674 pedee'r
1584 620 1740 660 formae
1760 620 1816 660 fe-

266 690 454 732 mininae
475 705 593 730 num.
630 689 697 739 tri,
724 691 908 742 pelwar)
920 722 932 739 ,
960 690 1145 739 trineint,
1171 691 1404 740 clewemeil),
1429 690 1694 731 seithmez’relz
1717 692 1817 743 (tres

266 762 411 810 valles,
444 775 516 801 sex
544 759 636 809 filii,
661 766 822 813 septem
853 759 963 813 equi,
988 760 1116 810 nez‘nt,
1141 761 1261 811 meib,
1286 761 1457 810 meireh,
1482 762 1612 815 plur.,
1638 759 1682 815 11.
1708 765 1813 809 296;

267 833 319 873 cf.
346 831 429 885 adj.
454 830 617 871 hibern.
650 838 732 870 vet.
768 830 804 871 il
829 830 1109 884 compositum
1139 847 1235 872 011111
1266 831 1538 872 substantivis
1568 832 1612 871 in
1643 846 1818 871 numero

267 901 436 957 plurali,
461 916 503 954 p.
531 904 646 953 826).
690 902 717 941 J
720 908 849 941 uncta
878 900 1083 954 ejusmodi
1113 917 1208 942 curn
1235 902 1508 943 substantivis
1529 902 1726 942 videntur
1747 903 1817 942 ad-

262 973 436 1028 jectiva:
457 973 552 1012 mab
571 971 792 1026 teirblwyd
805 973 926 1024 (puer
943 971 1137 1023 triennis)
1157 972 1272 1011 Mab.
1297 977 1335 1020 3,
1353 975 1418 1010 32.
1445 986 1572 1011 czmws
1589 972 1827 1026 rzccwqayaf

270 1046 420 1097 (equus
451 1056 602 1082 novem
632 1041 789 1081 hiemes
817 1048 958 1090 natus,
983 1041 1208 1094 novennis)
1232 1041 1347 1081 Mab.
1376 1044 1413 1089 2,
1438 1044 1532 1090 215,
1559 1048 1658 1081 sunt
1679 1048 1820 1081 tamen

269 1114 462 1154 habenda
482 1113 689 1152 abstracta
709 1110 942 1151 numeralia
961 1110 1006 1150 in
1022 1110 1208 1164 genitivo
1227 1111 1297 1163 (cf.
1318 1126 1360 1164 p.
1385 1113 1498 1163 322).
1534 1111 1693 1151 Eadem
1709 1125 1819 1151 com-

269 1183 422 1238 positio
453 1182 497 1222 in
534 1182 617 1236 adj.
652 1181 866 1222 teirnossae'c
897 1182 998 1234 (tres
1026 1188 1170 1222 noctes
1201 1189 1352 1230 natus3
1387 1196 1460 1222 nos
1489 1181 1608 1234 fem.)
1634 1182 1749 1222 Mab.
1777 1185 1815 1231 2,

272 1258 367 1294 225.
395 1257 490 1293 232.

520 1414 570 1452 B.
625 1410 943 1452 Pronomina
983 1418 1032 1451 et
1063 1413 1222 1451 verba
1253 1412 1568 1465 composita.

385 1537 532 1577 Minus
555 1535 720 1589 copiosa
742 1541 857 1584 sunt,
883 1550 1009 1588 quam
1030 1542 1165 1575 cetera
1186 1536 1429 1589 composita.
1471 1535 1728 1577 Pronomina
1749 1543 1823 1576 aut

272 1623 415 1649 secum
445 1605 688 1660 composita,
715 1620 751 1645 e.
776 1620 839 1659 gr.
865 1605 983 1654 mim,
1011 1605 1103 1654 ticli,
1126 1606 1253 1654 arall,
1281 1607 1371 1656 lall,
1397 1614 1471 1646 aut
1501 1620 1598 1645 cum
1629 1607 1821 1646 substan-

272 1678 367 1718 tivis
398 1678 465 1717 vel
494 1676 807 1725 numeralibus,
840 1691 876 1716 0.
901 1691 963 1730 gr.
999 1676 1156 1725 allelui,
1190 1677 1448 1731 yllpeclzeccr,
1476 1677 1565 1731 jam
1594 1682 1823 1717 memorata

271 1756 372 1789 sunt
394 1750 453 1801 (11.
483 1752 559 1786 375
580 1761 640 1800 sq.
667 1751 764 1786 404.
790 1749 907 1800 406).

384 1819 620 1859 Verborum
661 1832 758 1857 cum
798 1815 1070 1856 substantivis
1111 1816 1437 1870 compositorum
1471 1817 1662 1871 exempla
1697 1830 1821 1869 quae-

272 1890 369 1928 dam
383 1903 391 1928 :
409 1887 613 1942 discymca
623 1902 650 1941 y
664 1887 810 1941 Zquou
824 1887 956 1939 (locus
969 1887 1207 1940 exponendi
1219 1901 1240 1926 e
1252 1886 1448 1939 navibus)
1462 1886 1554 1926 Lib.
1572 1887 1706 1926 Land-
1725 1889 1817 1924 135.

273 1972 509 2012 esyynuaen
529 1956 652 2009 (lapis
669 1956 911 2005 scandendi,
933 1970 984 1995 ex
1001 1970 1082 2009 quo
1100 1956 1316 1996 scanditur
1332 1957 1376 1996 in
1393 1971 1549 2010 equum
1560 1972 1571 2004 3
1593 1955 1817 2010 cle‘sqymzu,

272 2030 482 2083 ysyymm)
505 2027 621 2066 Mab.
650 2030 686 2075 1,
717 2031 780 2066 14.
815 2025 994 2082 yspez'lly
1017 2027 1183 2080 (domus
1212 2026 1434 2081 spoliandi,
1468 2027 1669 2080 spelunca
1698 2026 1823 2066 latro—

273 2100 395 2150 num)
419 2097 535 2137 Mab.
565 2101 601 2145 1,
630 2100 696 2135 37.

652 2257 701 2297 C.
747 2255 1069 2297 Particulae
1099 2257 1444 2311 compositae.

390 2382 478 2421 Aut
508 2380 805 2435 inseparabiles
836 2388 910 2421 aut
932 2380 1196 2435 separabiles,
1221 2387 1269 2421 111
1293 2380 1546 2430 hibernicae,
1572 2378 1822 2433 compositae

278 2458 502 2492 occurrunt
530 2466 626 2491 eum
655 2451 941 2501 substantivis,
967 2451 1197 2505 adjectivis,
1222 2451 1372 2492 verbis.
1418 2450 1693 2505 Separabiles,
1718 2462 1822 2503 quae

277 2529 489 2575 separatae
519 2521 846 2575 praepositiones
876 2529 976 2561 sunt
1006 2529 1079 2562 aut
1105 2522 1277 2562 fuerunt
1305 2522 1531 2575 quondam,
1556 2521 1601 2561 in
1622 2518 1822 2573 composi-

279 2592 391 2633 tione
412 2592 624 2632 interdum
646 2591 778 2631 varias
801 2593 983 2632 subeunt
1004 2592 1170 2632 formas
1206 2591 1512 2646 Inseparabiles
1534 2591 1602 2630 hic
1623 2589 1819 2645 primum,

278 2662 375 2702 dein
410 2662 658 2716 separabiles
689 2662 919 2716 particulae
950 2670 991 2703 et
1020 2677 1091 2703 eae
1122 2677 1227 2716 quae
1258 2661 1584 2716 praepositiones
1617 2660 1824 2702 obsoletae

278 2739 391 2781 sunt,
417 2740 730 2773 enumerantur.
