1963 3202
273 40 356 77 922
557 43 635 83 VI.
664 46 700 82 2.
746 56 1039 85 CONsriwcrio
1062 59 1243 86 POETICA
1269 60 1527 88 HIBERNch.

388 155 480 192 165.
518 157 595 197 Qui
623 154 626 209 Ι
654 158 803 195 modica
824 158 972 207 spernit
997 155 1001 211 Ι
1028 159 1169 197 minuit
1193 161 1199 210 Ι
1225 162 1370 209 majora
1389 175 1457 210 per
1476 164 1604 199 horas.

388 225 479 260 170.
517 220 520 275 Ι
546 226 619 261 Cui
641 230 786 262 secreta
807 226 963 273 quidem
989 222 993 278 Ι
1022 227 1153 263 credas
1180 227 1185 277 Ι
1213 229 1430 265 cautissime
1456 229 1461 278 Ι
1488 243 1609 266 cerne.
1627 228 1646 248 ³*

382 309 578 363 Aspirata
598 310 626 351 k
642 325 728 351 non
745 318 807 351 est
824 325 1030 352 consonae
1046 313 1151 362 1000,
1173 315 1244 354 sed
1262 315 1393 355 vocali
1411 316 1596 368 aequalis
1613 316 1809 357 habetur:

385 405 477 442 160.
514 408 704 454 Tempora
724 406 816 442 dum
836 406 995 451 variant,
1029 403 1033 459 Ι
1061 409 1208 445 animus
1230 410 1280 446 sit
1301 423 1450 458 semper
1479 407 1482 461 Ι
1509 411 1706 447 honestus.

386 473 478 508 179.
515 469 518 523 Ι
544 474 696 509 Aurum
717 474 869 510 flamma
888 475 1037 522 probat,
1070 474 1075 524 Ι
1101 477 1271 513 homines
1292 477 1452 513 tentatio
1469 477 1608 525 justos.

381 562 515 602 Juxta
545 568 762 602 externam
793 568 1015 615 utramque
1046 565 1330 606 assonantiam
1359 580 1446 605 non
1467 566 1584 606 deest
1604 567 1731 607 etiam
1753 567 1813 607 in-

268 638 405 671 terna:

411 714 479 750 49.
514 714 684 750 Plurima
705 714 866 751 discenti
889 714 895 763 Ι
923 729 1068 765 semper
1095 713 1098 769 Ι
1127 716 1310 765 sapientia
1331 716 1478 753 crescit.

408 782 474 817 59.
510 783 675 818 Tantum
703 777 707 833 Ι
733 784 849 819 verba
875 783 880 832 Ι
906 784 1031 820 valent
1051 790 1234 832 quantum
1255 797 1358 820 mens
1379 784 1513 821 sentiat
1533 785 1610 821 illa.

412 848 477 884 61.
512 849 603 884 Non
625 850 695 886 erit
723 846 726 902 Ι
754 851 911 898 antiquo
933 864 1053 888 novus
1080 848 1084 904 Ι
1113 853 1380 888 anteferendus
1402 852 1557 889 amicus.

412 917 477 951 73.
512 915 644 952 Vitam
666 917 807 966 quippe
836 914 840 970 Ι
869 923 971 954 tuam
998 917 1003 966 Ι
1032 923 1107 955 tota
1127 919 1263 955 virtute
1291 915 1294 970 Ι
1325 925 1443 956 tuere.

386 984 477 1019 137.
515 984 574 1020 Sit
600 979 604 1035 Ι
632 984 701 1020 tibi
723 998 812 1021 cura
840 985 845 1034 Ι
873 990 956 1022 tuae
984 984 990 1033 Ι
1019 991 1093 1022 tota
1112 986 1250 1023 virtute
1273 986 1421 1023 salutis.

380 1069 595 1109 Assonant
623 1069 750 1110 etiam
780 1071 826 1111 in
856 1071 937 1120 his,
963 1078 1011 1111 ut
1041 1071 1085 1111 in
1116 1071 1342 1112 hibernicis
1365 1073 1582 1126 exemplis,
1608 1088 1812 1114 consonae

267 1137 511 1179 inchoantes
534 1139 717 1179 radicem
738 1148 833 1194 post
852 1141 1079 1194 particulas
1101 1141 1146 1181 in
1168 1142 1429 1195 compositis:

384 1235 477 1271 128.
517 1232 519 1286 Ι
547 1237 704 1284 Semper
725 1236 765 1272 in
786 1249 849 1272 ore
871 1240 937 1273 tuo
959 1234 1165 1289 relsonen‘c
1186 1238 1287 1274 bona
1306 1238 1421 1274 verba
1449 1234 1453 1290 Ι
1481 1238 1630 1276 salutis.

384 1304 476 1339 154.
514 1304 694 1351 Corporis
717 1305 903 1340 auxilium
930 1300 934 1356 Ι
961 1305 1110 1341 medico
1130 1302 1332 1356 perimitte
1354 1305 1472 1342 fideli.

384 1370 477 1406 174.
516 1371 576 1407 Ob
590 1368 592 1421 Ι
606 1376 731 1407 servat
757 1371 761 1420 Ι
790 1372 943 1419 sapiens
971 1371 976 1420 Ι
1004 1372 1077 1407 sibi
1097 1376 1251 1421 tempus
1272 1373 1312 1409 in
1333 1386 1396 1409 ore
1417 1373 1613 1420 loquendi,

385 1439 476 1474 175.
512 1435 730 1489 111[sipie11s
752 1439 924 1487 loquitur
950 1438 956 1487 Ι
984 1444 1156 1487 spretum
1184 1436 1187 1491 Ι
1216 1440 1297 1476 sine
1319 1445 1490 1488 tempore
1512 1441 1683 1477 verbum.

380 1527 432 1566 In
456 1527 520 1566 his
543 1527 738 1568 omnibus
761 1528 1000 1569 assonantia
1022 1528 1160 1570 finalis
1183 1536 1246 1569 est
1267 1529 1555 1583 monosyllaba
1567 1546 1577 1577 ;
1603 1530 1730 1570 rarior
1751 1538 1811 1570 est

265 1596 468 1650 bisyllaba
482 1612 489 1637 :

410 1681 474 1716 36.
509 1682 599 1716 Non
626 1680 631 1729 Ι
659 1680 791 1729 opibus
812 1682 912 1717 bona
933 1681 1034 1718 fama
1056 1682 1179 1726 datur,
1209 1682 1277 1718 sed
1297 1682 1463 1719 moribus
1491 1678 1494 1734 Ι
1522 1682 1647 1718 almis.

411 1749 477 1784 74.
515 1744 517 1799 Ι
545 1748 685 1784 Omnia
705 1761 773 1797 pro
794 1749 873 1785 vita
894 1754 985 1785 sunt
1010 1748 1015 1797 Ι
1044 1749 1248 1786 amittenda
1269 1751 1420 1786 tuenda.

388 1816 479 1851 192.
519 1818 521 1865 Ι
548 1816 736 1852 Omnibus
758 1820 815 1852 est
843 1815 847 1864 Ι
875 1815 1009 1864 opibus
1036 1816 1041 1865 Ι
1067 1817 1202 1852 melior
1222 1818 1278 1852 vir
1305 1813 1308 1868 Ι
1336 1820 1464 1852 mente
1486 1817 1624 1852 fidelis.

381 1884 475 1919 207.
511 1882 653 1931 Diliqit
678 1879 681 1934 Ι
709 1884 770 1919 hic
792 1886 936 1927 natum,
963 1883 1068 1930 virga
1089 1883 1155 1930 qui
1177 1883 1333 1931 corrfiqz‘t
1357 1882 1363 1931 Ι
1389 1884 1509 1919 illum.

379 1972 457 2011 Est
479 1971 605 2011 etiam
627 1971 868 2011 assonantia
888 1971 1026 2011 finalis
1044 1971 1281 2024 copulativa
1297 1985 1384 2010 una
1400 1985 1494 2010 eum
1512 1971 1687 2020 laterali,
1709 1972 1807 2012 item

266 2041 403 2081 media
423 2041 468 2080 in
488 2041 676 2081 versibus
699 2040 770 2094 qui
791 2040 990 2094 prooemii
1011 2042 1101 2080 loco
1123 2047 1222 2080 sunt
1243 2039 1288 2079 in
1308 2039 1583 2089 monosticha,
1610 2045 1712 2081 1—5
1731 2057 1738 2081 :

494 2134 497 2187 Ι
522 2139 630 2172 Haec
650 2140 854 2184 praecepta
874 2135 979 2183 legat
998 2137 1158 2172 devotus
1181 2140 1218 2171 ct
1245 2131 1248 2186 Ι
1276 2135 1435 2183 impleat
1460 2135 1466 2184 Ι
1493 2139 1592 2179 actu,

428 2202 442 2257 Ι
466 2205 661 2242 Virtutum
684 2203 804 2239 titulis
832 2204 836 2252 Ι
864 2204 980 2240 vitam
1002 2203 1067 2250 qui
1089 2202 1240 2250 quaerit
1259 2203 1473 2246 honestam,

437 2272 511 2310 Vel
539 2268 543 2324 Ι
568 2271 744 2307 homines
766 2271 865 2307 inter
886 2272 1015 2319 cupiat
1033 2271 1250 2319 praeclarus
1278 2269 1283 2317 Ι
1309 2268 1454 2313 haberi,

436 2340 509 2377 Vel
537 2335 541 2391 Ι
568 2351 715 2375 morum
743 2334 747 2389 Ι
774 2338 916 2374 meritis
938 2338 1118 2374 coelestia
1138 2351 1256 2385 regna
1282 2333 1285 2388 Ι
1314 2336 1459 2381 mereri,

438 2410 570 2454 Atque
593 2408 663 2443 deo
686 2406 839 2442 Christo
867 2405 872 2453 Ι
900 2406 1026 2442 socius
1054 2402 1058 2456 Ι
1087 2405 1166 2441 sine
1186 2405 1261 2441 fine
1280 2404 1412 2440 videri.

360 2590 375 2605 ⁸⁸
409 2589 452 2621 In
478 2588 543 2621 hac
571 2587 764 2626 sententia,
794 2598 882 2630 quac
908 2586 1012 2619 ctiam
1042 2585 1227 2619 Germanis
1254 2583 1478 2629 proverbium
1504 2588 1555 2615 est
1585 2583 1676 2626 (trau
1703 2583 1808 2615 schau

270 2656 356 2677 wem
371 2645 408 2689 1),
424 2644 453 2677 si
470 2648 631 2677 accurate
649 2642 848 2687 inspicitur,
864 2654 1023 2687 quaeque
1041 2654 1109 2675 vox
1127 2640 1364 2675 assonantiam
1382 2638 1553 2672 initialem
1569 2638 1680 2671 ofl'crt.
1710 2637 1809 2671 Licet

270 2701 363 2733 cnim
391 2700 495 2733 etiam
520 2701 660 2745 signare
677 2699 842 2745 seicreta,
863 2704 903 2732 ut
921 2710 938 2731 e
956 2710 1037 2731 mox
1056 2697 1286 2742 sequentibus
1304 2694 1474 2739 exemplis
1493 2698 1601 2738 patet,
1623 2698 1657 2727 ct
1675 2693 1806 2738 quidem

269 2767 339 2789 non
359 2756 475 2790 differt
492 2769 512 2790 a
529 2756 671 2789 cuidem.
