1963 3202
294 66 374 107 890
576 71 655 112 VI.
686 75 722 112 1.
766 84 1061 114 coNSTRUCTIO
1083 85 1272 114 N0M1N1s
1296 87 1546 114 memmei.

402 180 614 223 Videntur
643 198 732 224 esse
764 184 806 225 in
838 184 903 225 his
931 185 1106 239 vestigia
1126 186 1283 240 proprii
1305 200 1440 235 casus,
1466 185 1638 226 ablativi
1660 185 1833 235 scilicet,

288 249 360 302 qui
387 251 513 292 etiam
544 254 850 295 terminationis
881 255 1066 297 diversae
1095 271 1120 296 a
1151 255 1442 296 terminatione
1473 255 1603 296 dativi
1635 255 1761 296 fuerit
1791 256 1836 296 in

287 319 538 373 quibusdam
559 324 770 377 primitus,
796 332 844 365 ut
865 325 908 365 in
930 326 1077 380 lingua
1098 327 1245 367 latina.

401 407 435 432 c.
465 393 539 433 Ad
543 409 559 447 j
575 409 596 434 e
608 395 716 435 ctiv
729 410 873 435 orum
904 397 1180 451 congruentia
1196 412 1292 436 cum
1311 395 1584 436 substantivis
1601 396 1645 435 in
1661 410 1828 449 genere,

286 475 460 502 numero
490 470 531 503 et
557 478 656 504 casu
677 473 739 505 est
761 467 905 506 eadem
928 467 1156 516 hibernica,
1182 475 1230 507 ut
1251 467 1295 506 in
1316 466 1409 506 aliis
1430 465 1603 518 linguis,
1629 473 1754 519 atque
1775 466 1833 506 lo·

285 545 358 570 (tus
388 531 432 571 in
457 534 671 574 communi
692 537 1003 577 constructione
1024 545 1117 591 post
1140 536 1418 577 substantiva.
1464 536 1575 576 Sunt
1598 543 1739 576 tamen
1760 551 1833 576 no-

285 601 412 641 tanda
443 606 648 656 quaedam
677 607 845 661 propria
875 607 1113 648 hibernicae
1142 607 1314 661 linguae
1343 606 1387 646 in
1419 606 1496 646 hac
1518 605 1772 646 substantivi
1793 613 1834 646 et

284 670 479 724 adjectivi
500 675 785 718 collocatione.

402 747 438 782 1.
483 744 751 798 Adjectivum
787 747 922 787 omnis
954 746 1147 788 flexionis
1179 761 1326 801 expers
1358 747 1523 802 saepius
1556 746 1833 802 praemissum

282 810 498 854 invenitur
526 817 805 858 substantivo.
851 819 973 857 Haec
1002 824 1143 857 autem
1171 817 1426 858 constructio
1448 825 1511 858 est
1531 817 1702 858 nonnisi
1723 831 1832 857 com-

281 884 433 938 positio
464 885 660 939 adjectivi
689 902 786 928 cum
814 887 1091 936 substantivo,
1127 902 1253 940 quam
1282 896 1527 928 consuetam
1554 903 1643 928 esse
1674 886 1832 940 linguis

282 955 439 995 celticis
469 957 603 1010 inagis
634 972 761 1011 quam
792 958 899 1007 aliis,
925 958 1117 1011 exempla
1145 958 1267 1011 plura
1286 958 1375 1011 jam
1397 966 1641 998 enumerata
1663 966 1723 1011 (p.
1751 960 1828 996 825

281 1033 322 1065 et
346 1030 444 1077 862)
467 1028 633 1067 docent.
678 1028 937 1082 Compositio
970 1028 1193 1067 statuenda
1224 1035 1300 1076 est,
1335 1028 1526 1080 quamvis
1558 1035 1747 1081 separata
1775 1028 1831 1067 le-

280 1096 395 1147 gitur
416 1103 594 1150 utraque
616 1112 696 1137 vox
718 1098 762 1138 in
785 1098 996 1138 codicibus
1018 1097 1245 1146 interdum,
1273 1112 1308 1137 e.
1334 1112 1396 1151 gr.
1416 1113 1423 1137 :
1450 1098 1498 1138 ni
1512 1104 1610 1138 (crta
1631 1098 1794 1138 nim'm.
1820 1129 1827 1137 .

281 1181 333 1207 ar
354 1167 446 1207 reo'z'b
469 1167 702 1207 bre'atleraib
724 1169 989 1208 rolabrastar
1010 1182 1069 1208 cr.
1091 1170 1195 1219 (non
1217 1167 1397 1209 altitudo
1418 1183 1504 1208 non
1526 1168 1690 1208 coelum
1707 1182 1833 1221 supra

281 1252 396 1277 sacra
426 1239 549 1277 verba
581 1252 686 1291 quae
716 1238 884 1279 locutus
914 1245 979 1278 est
1000 1238 1213 1290 Christus)
1237 1239 1405 1279 Incant.
1433 1239 1524 1292 Sg.‚
1549 1253 1624 1292 pro
1649 1253 1700 1278 (ιν
1720 1237 1830 1278 no'ib-

280 1307 529 1348 briscam-cell).
570 1309 928 1363 Compositionem
950 1310 1223 1363 comprobant
1244 1308 1482 1350 infectionis
1505 1324 1712 1350 consonae
1734 1309 1831 1349 sub-

279 1377 453 1418 stantivi
473 1378 714 1432 incipientis
737 1380 857 1433 plura
878 1379 1069 1433 exempla
1092 1381 1152 1433 (p.
1184 1381 1296 1433 198).

390 1449 429 1488 A
458 1449 671 1489 communi
709 1450 855 1503 regula
881 1449 1198 1504 postpositionis
1229 1449 1530 1503 adjectivorum
1560 1448 1829 1503 excipiuntur

279 1518 481 1572 adjectiva
504 1520 830 1573 pronominalia:
857 1520 986 1560 alm'le
1000 1521 1126 1574 juxta
1147 1520 1230 1561 nile
1249 1520 1545 1574 postpositum,
1566 1519 1651 1559 uile
1668 1519 1827 1573 signifi.-

279 1603 377 1629 cans
409 1589 483 1629 lat.
509 1590 657 1639 omnis,
683 1591 831 1644 (seticis,
859 1591 984 1645 juxta
1005 1590 1090 1631 ulle
1112 1591 1355 1644 significans
1384 1596 1504 1639 totus,
1529 1591 1640 1643 quod
1660 1597 1827 1643 postpo-

278 1659 394 1699 nitur
414 1666 462 1699 ut
483 1675 594 1700 mere
616 1660 884 1714 adjectivum,
909 1661 1009 1701 item
1032 1661 1146 1710 caele,
1173 1661 1273 1702 caeles
1295 1664 1367 1701 o'en
1390 1660 1580 1714 (quivis),
1606 1660 1713 1700 mccli
1737 1659 1828 1711 (ali-

278 1730 412 1783 quis);
456 1745 635 1783 quorum
674 1731 865 1771 omnium
903 1732 1094 1785 exempla
1122 1732 1233 1772 inter
1261 1731 1512 1785 pronomina
1541 1731 1703 1785 prolata
1730 1738 1830 1770 sunt

280 1804 340 1853 (p.
364 1806 442 1840 363
462 1804 560 1854 sq.).
597 1802 881 1856 Excipiuntur
902 1817 1022 1855 porro
1044 1809 1207 1856 praeter
1227 1802 1462 1842 numeralia
1483 1801 1710 1841 cardinalia
1732 1800 1829 1841 sim—

278 1871 404 1924 plicia
435 1871 562 1912 etiam
591 1872 797 1912 ordinalia
827 1872 971 1912 affinia
1001 1872 1134 1925 magis
1156 1872 1387 1925 adjectivis,
1414 1872 1665 1926 quibuscum
1688 1879 1827 1911 tamen

279 1942 451 1981 omnino
479 1943 703 1982 concordat
736 1942 867 1982 tamise
890 1943 1152 1995 (secundus),
1179 1942 1393 1982 interdum
1414 1950 1455 1982 et
1476 1943 1588 1982 came
1611 1942 1824 1995 (primus),

279 2019 327 2052 ut
349 2012 540 2066 exempla
561 2011 661 2052 item
677 2012 766 2066 jam
788 2012 914 2052 allata
935 2014 1086 2052 docent
1109 2014 1168 2065 (p.
1197 2016 1290 2051 315.
1320 2015 1434 2064 316).

391 2082 603 2136 Adjectivi
638 2082 742 2122 meri
769 2082 1032 2122 substantivo
1062 2082 1290 2135 praepositi
1317 2097 1413 2122 culn
1444 2081 1624 2121 flexione
1653 2082 1826 2121 unicum

279 2153 520 2207 exemplum
550 2152 657 2192 mihi
685 2151 864 2193 occurrit
891 2152 992 2192 hoo:
1028 2151 1130 2192 imm
1161 2152 1312 2192 dem-cce
1329 2151 1479 2206 fro'z'clc
1510 2152 1586 2205 (gl.
1612 2151 1822 2199 vaccinia3

278 2223 305 2263 i.
332 2237 368 2263 e.
393 2224 542 2264 rubrae
564 2223 714 2275 ericae)
738 2222 811 2276 Sg.
829 2225 922 2282 719²&

393 2298 431 2333 2.
474 2292 695 2347 Adjcctiva
738 2299 833 2345 post
876 2292 1139 2332 substantiva
1174 2292 1339 2332 numeri
1375 2292 1511 2333 dualis
1547 2292 1748 2345 leguntur
1783 2292 1827 2331 in

278 2364 410 2403 forma
440 2364 615 2417 pluralis
645 2362 824 2412 numeri,
851 2362 1065 2402 hibernica
1093 2370 1140 2403 ut
1168 2363 1387 2403 cambrica.
1434 2362 1640 2415 Exempla
1662 2369 1825 2402 vetusta

279 2434 492 2474 hibernica
521 2434 620 2474 satis
649 2441 780 2473 certa:
815 2433 894 2474 etir
923 2434 977 2473 (la
1008 2433 1151 2474 lucium
1183 2433 1372 2474 eosmccili
1391 2433 1519 2486 (inter
1548 2434 1631 2472 duo
1652 2432 1824 2472 nomina

278 2504 449 2558 similia)
481 2505 554 2558 Sg.
589 2505 645 2545 cla
676 2502 819 2544 clrcce'tlc
849 2503 1083 2557 (eqcyncwclz'
1112 2504 1214 2556 (duo
1244 2503 1416 2544 druidae
1448 2502 1699 2556 aegyptiaci)
1723 2503 1821 2543 Wb.

271 2575 360 2628 jam
381 2589 508 2628 supra
528 2582 756 2615 memorata
776 2581 876 2614 sunt
898 2575 957 2626 (p.
985 2576 1100 2626 278).

394 2651 431 2685 3.
466 2645 734 2699 Adjectivum
765 2644 854 2684 sine
879 2643 1142 2684 substantivo
1164 2658 1237 2697 per
1258 2659 1300 2684 se
1323 2644 1460 2684 solum
1481 2642 1525 2683 in
1547 2643 1679 2683 forma
1700 2657 1826 2695 gene-

279 2716 333 2755 ris
365 2716 556 2756 neutrius
585 2717 675 2756 loco
697 2714 949 2755 substantivi
971 2728 1059 2754 esse
1081 2721 1239 2767 potest:
1273 2713 1577 2754 dunler-accarsa
1598 2713 1826 2754 amaithsz’n

280 2791 295 2833 ζ
298 2795 396 2841 opto
425 2788 584 2828 bonum
606 2788 702 2839 hoc)
727 2787 824 2827 Wb.
854 2782 935 2825 14¹³.
969 2785 1155 2825 andubso
1177 2784 1364 2837 (nigrum
1386 2785 1478 2834 hoc,
1504 2784 1532 2824 i.
1558 2799 1594 2824 e.
1620 2791 1826 2824 atramen—
