1963 3202
244 36 350 75 1032
414 50 658 78 APPENDIX.
708 50 926 78 SPECIMEN
950 51 1115 79 CODicls
1140 53 1372 80 HmERMCI
1398 54 1618 82 PRISCIANI
1643 56 1706 83 SG.

243 149 337 203 qui;
365 150 430 190 vel
451 149 722 204 qualitatis,¹⁷
752 158 799 191 ut
819 150 969 204 qualis,
996 151 1113 201 talis3
1145 153 1211 192 vel
1233 153 1497 206 quantitatis,
1524 161 1572 194 ut
1592 161 1792 207 quantus,

245 227 414 269 tantus3
450 221 516 261 vel
544 220 723 270 numeri,
749 227 798 261 ut
825 228 940 275 quot,
967 228 1042 262 tot.
1089 223 1154 263 Ex
1185 238 1268 276 quo
1297 224 1546 274 ostenditur,
1572 224 1721 265 melius
1747 240 1795 265 ea

244 290 505 332 doctissimos
549 291 703 332 artium
743 291 962 345 scriptores
999 293 1180 334 Graecos
1224 294 1333 335 inter
1374 295 1547 335 nomina
1586 295 1791 348 posuisse,

243 361 434 414 quamvis
466 362 714 402 vetustiores
745 364 859 416 apud
888 363 1000 416 ipsos
1032 378 1197 418 quoque
1226 365 1475 418 pronomina
1510 366 1575 405 vel
1596 366 1793 407 articulos

243 446 290 471 ea
317 439 589 486 putaverunt,
616 448 718 486 quos
750 434 1013 486 grammatici
1035 435 1286 475 Latinorum
1307 435 1498 475 similiter
1521 444 1621 477 sunt
1643 436 1788 476 secuti.

243 502 325 542 Sed
347 501 674 557 incongruum¹8
697 503 877 554 videtur,
905 520 1001 545 cum
1022 505 1084 545 illi
1106 506 1376 559 antiquorum
1398 521 1474 546 neo
1496 514 1795 547 recusaverunt

243 572 499 613 Graecorum
525 574 652 614 etiam
673 574 1022 625 erroresvimitari,
1047 591 1123 616 nos
1144 577 1360 630 Apollonii
1382 585 1423 617 et
1445 577 1695 625 Herodiani,
1721 576 1794 630 qui

242 657 386 682 omnes
419 643 690 698 antiquorum
721 659 876 685 errores
899 647 1269 699 grammaticorum
1290 655 1591 701 purgaverunt,
1618 647 1795 701 vestigia

241 712 488 767 linquere‚¹⁰
519 722 561 755 et
590 730 676 756 non
698 716 808 757 inter
828 717 1000 758 nomina
1022 718 1123 758 haee
1145 718 1285 771 potius
1307 733 1475 772 ponere,
1501 720 1552 759 de
1575 718 1727 772 quibus
1749 718 1794 757 in

240 784 488 837 pronomine
518 785 645 826 latius
676 788 936 828 tractabitur.
982 789 1260 830 Collectivum
1288 797 1365 838 est,
1392 790 1502 843 quod
1524 790 1568 829 in
1590 787 1794 842 singulari

241 869 417 895 numero
446 856 766 897 multitudinem
796 857 1028 912 significat,
1060 866 1108 899 ut
1136 860 1345 913 populus,
1379 860 1512 913 plebs.
1557 859 1793 899 Dividuum

241 932 319 973 est,
343 927 456 978 quod
485 942 510 967 a
539 928 703 968 duobus
735 929 799 968 vel
821 929 1094 983 amplioribus
1117 930 1169 969 ad
1191 929 1379 982 singulos
1402 930 1527 970 habet
1548 929 1794 970 relationem

241 995 307 1035 vel
344 996 484 1049 plures
516 997 560 1036 in
590 1012 786 1038 numeros
818 1014 936 1052 pares
969 999 1234 1048 distributos,
1267 1007 1314 1040 ut
1345 1007 1542 1053 uterque,
1577 1000 1790 1048 alteruter,

242 1065 442 1119 quisque,
481 1067 662 1121 singuli,
696 1068 805 1118 bini,
842 1069 964 1119 terni,
997 1069 1180 1110 centeni.
1232 1069 1482 1110 Factitium¹
1516 1078 1593 1119 est,
1629 1071 1739 1124 quod
1771 1085 1795 1110 a

241 1137 494 1190 proprietate
525 1136 752 1178 sonorum²
782 1154 856 1193 per
876 1140 1156 1180 imitationem
1178 1141 1335 1181 sactum
1357 1149 1433 1191 est,
1460 1149 1508 1181 ut
1530 1141 1793 1181 tintinnabu-

242 1204 369 1256 lum,³
400 1214 552 1248 turtur.
598 1210 806 1250 Generale
837 1218 914 1260 est,
948 1212 1058 1264 quod
1089 1211 1134 1251 in
1162 1211 1345 1252 diversas
1379 1212 1536 1266 speeies
1564 1218 1702 1266 potest
1732 1211 1793 1251 di-

242 1277 340 1326 vidi,
367 1285 414 1317 ut
445 1278 616 1328 animal,
643 1281 777 1321 arbor.
824 1281 1014 1335 Speeiale
1046 1289 1122 1331 est,
1149 1283 1260 1336 quod
1287 1298 1311 1323 a
1331 1297 1482 1336 genere
1504 1282 1720 1339 dividitur,
1746 1288 1794 1321 ut

241 1347 380 1397 homo,
413 1363 560 1402 equus,
598 1349 708 1400 vitis,
734 1351 892 1392 laurus.
939 1352 1140 1393 Ordinale
1171 1360 1247 1402 est,
1274 1354 1385 1406 quod
1416 1353 1605 1393 ordinem
1634 1351 1793 1406 signifi-

241 1425 321 1467 cat,
348 1428 395 1458 ut
419 1420 595 1473 primus,
622 1423 846 1471 secundus,
874 1423 1037 1463 tertius.
1081 1423 1310 1463 Numerale
1332 1431 1408 1472 est,
1435 1424 1545 1476 quod
1567 1437 1792 1463 numerum

241 1489 514 1540 demonstrat,
541 1499 589 1532 ut
610 1507 737 1541 unus,
764 1494 862 1542 duo,
890 1501 986 1533 tres.
1029 1494 1284 1537 Absolutum
1296 1492 1314 1513 ⁴²
1336 1501 1413 1543 est,
1439 1495 1551 1547 quod
1572 1508 1645 1548 per
1667 1508 1709 1533 se
1730 1493 1793 1532 in-

243 1559 447 1614 telligitur
482 1569 522 1601 et
558 1576 644 1602 non
682 1571 776 1616 eget
811 1564 982 1604 alterius
1020 1564 1317 1618 conjunctione
1348 1564 1557 1613 nominis,
1592 1572 1640 1604 ut
1672 1565 1790 1612 deus,

242 1630 361 1671 ratio.
407 1632 654 1686 Temporale
685 1641 762 1683 est,
797 1635 909 1687 quod
941 1642 1105 1688 tempus
1137 1635 1336 1684 ostendit,
1360 1643 1408 1675 ut
1437 1634 1610 1684 mensis,
1636 1648 1788 1674 annus.

244 1701 394 1741 Locale
424 1710 508 1752 est,
543 1704 653 1756 quod
682 1703 824 1744 locum
855 1705 1088 1759 signifieat,
1126 1712 1172 1746 ut
1203 1706 1480 1761 propinquus,
1514 1704 1789 1758 longinquus,

240 1771 471 1824 proximus,
497 1773 792 1814 medioximus.

356 2022 577 2076 Subjungo
599 2023 710 2064 loeos
733 2024 910 2078 aliquos,
932 2041 1110 2079 quorum
1132 2034 1294 2079 praeter
1316 2025 1705 2078 interpretationem
1727 2038 1792 2063 eo-

242 2091 345 2131 dicis
369 2092 656 2146 Sangallensis
684 2102 747 2134 est
768 2095 893 2134 etiam
916 2095 1206 2149 interpretatio
1228 2095 1442 2136 hibernica
1464 2095 1616 2135 codicis
1640 2093 1792 2134 Prisci-

1578 2166 1599 2178 ”v

242 2162 313 2202 ani
343 2163 684 2205 Carolsruhensis
715 2167 913 2218 (quorum
942 2180 1077 2205 unum
1106 2165 1216 2206 infra
1245 2165 1436 2220 significo
1466 2167 1536 2205 Pr.
1574 2174 1646 2204 bo:
1692 2165 1792 2204 alte-

242 2247 336 2273 rum
368 2234 438 2274 Pr.
466 2234 583 2287 Cn),
618 2234 776 2276 scilieet
806 2235 1109 2289 praefationem
1139 2236 1273 2291 operis
1306 2235 1537 2276 Prisc-ianei
1569 2244 1610 2275 et
1638 2250 1659 2275 e
1687 2235 1793 2275 libro

243 2313 388 2344 octavo
409 2306 627 2358 quaedam.

360 2376 641 2416 Prooemium.
683 2377 792 2416 Cum
815 2375 949 2415 omnis
972 2376 1235 2429 eloquentiae
1257 2377 1491 2416 doctrinam
1508 2384 1549 2416 et
1565 2390 1689 2415 omne
1707 2383 1792 2415 stu-

342 2547 374 2577 17
407 2557 443 2578 .1.
466 2544 636 2589 teemae'szy
654 2540 809 2589 dondfol.
830 2545 922 2578 bisin
978 2548 1014 2577 1&
1039 2545 1130 2578 eedir
1181 2548 1219 2579 19
1248 2559 1283 2580 .1.
1303 2546 1514 2579 eenaseehz'm

339 2602 426 2646 (30¹¹)
483 2604 492 2634 l
519 2614 554 2634 .1.
576 2602 813 2645 cgforcmaeloete
888 2604 905 2634 2
936 2613 971 2635 .1.
994 2600 1168 2646 innafogs.
1241 2606 1259 2636 3
1288 2615 1324 2636 .1.
1347 2602 1408 2635 tin.
1432 2602 1493 2635 tin.
1514 2600 1792 2645 (U?›926²‘1l7'qs?17'-

243 2658 441 2691 eomnaem'r
460 2658 706 2692 tintinabulum
729 2657 805 2703 (sie)

336 2718 351 2747 ΔΙ
383 2727 419 2748 ,1.
454 2714 756 2749 hviatnasaae'lethae
790 2715 857 2747 lma
890 2715 1078 2747 aummrcz'm
1116 2715 1202 2749 (eilia
1234 2714 1570 2757 clotl1c5rmuchfriss
1597 2715 1794 2747 (loaestdase

243 2770 385 2804 aehel'lle
