<?xml version="1.0" encoding="UTF-8"?>
<!DOCTYPE html PUBLIC "-//W3C//DTD XHTML 1.0 Transitional//EN"
    "http://www.w3.org/TR/xhtml1/DTD/xhtml1-transitional.dtd">
<html xmlns="http://www.w3.org/1999/xhtml" xml:lang="en" lang="en">
 <head>
  <title>
</title>
<meta http-equiv="Content-Type" content="text/html;charset=utf-8" />
  <meta name='ocr-system' content='tesseract 3.04.00' />
  <meta name='ocr-capabilities' content='ocr_page ocr_carea ocr_par ocr_line ocrx_word'/>
</head>
<body>
  <div class='ocr_page' id='page_1' title='image "./grammaticaceltic02zeusuoft_0187.png"; bbox 0 0 1963 3202; ppageno 0'>
   <div class='ocr_carea' id='block_1_1' title="bbox 188 100 1608 144">
    <p class='ocr_par' dir='ltr' id='par_1_1' title="bbox 188 100 1608 144">
     <span class='ocr_line' id='line_1_1' title="bbox 188 100 1608 144; baseline 0.001 -5"><span class='ocrx_word' id='word_1_1' title='bbox 188 100 240 139; x_wconf 75' lang='lat' dir='ltr'><strong>V.</strong></span> <span class='ocrx_word' id='word_1_2' title='bbox 273 105 307 139; x_wconf 87' lang='grc'>1.</span> <span class='ocrx_word' id='word_1_3' title='bbox 354 113 593 140; x_wconf 74' lang='lat' dir='ltr'><strong>DERIVATIO</strong></span> <span class='ocrx_word' id='word_1_4' title='bbox 616 113 799 139; x_wconf 74' lang='lat' dir='ltr'><strong>GALLICA</strong></span> <span class='ocrx_word' id='word_1_5' title='bbox 822 113 874 139; x_wconf 82' lang='lat' dir='ltr'>ET</span> <span class='ocrx_word' id='word_1_6' title='bbox 899 113 1141 140; x_wconf 63' lang='lat' dir='ltr'>1111313RNICA</span> <span class='ocrx_word' id='word_1_7' title='bbox 1164 114 1463 144; x_wconf 76' lang='lat' dir='ltr'><strong>LIQUIDARUM.</strong></span> <span class='ocrx_word' id='word_1_8' title='bbox 1530 101 1608 140; x_wconf 83' lang='grc'>729</span> 
     </span>
    </p>
   </div>
   <div class='ocr_carea' id='block_1_2' title="bbox 64 210 1611 2504">
    <p class='ocr_par' dir='ltr' id='par_1_2' title="bbox 64 210 1611 2504">
     <span class='ocr_line' id='line_1_2' title="bbox 70 210 1610 265; baseline 0 -13"><span class='ocrx_word' id='word_1_9' title='bbox 70 212 171 265; x_wconf 82' lang='lat' dir='ltr'><strong>dipl.</strong></span> <span class='ocrx_word' id='word_1_10' title='bbox 196 212 335 265; x_wconf 86' lang='lat' dir='ltr'><strong>suppl.</strong></span> <span class='ocrx_word' id='word_1_11' title='bbox 356 226 397 265; x_wconf 86' lang='lat' dir='ltr'>p.</span> <span class='ocrx_word' id='word_1_12' title='bbox 421 215 488 250; x_wconf 83' lang='lat'><strong>93.</strong></span> <span class='ocrx_word' id='word_1_13' title='bbox 512 211 611 250; x_wconf 81' lang='lat' dir='ltr'>villa</span> <span class='ocrx_word' id='word_1_14' title='bbox 628 210 809 259; x_wconf 82' lang='lat' dir='ltr'>Nivella,</span> <span class='ocrx_word' id='word_1_15' title='bbox 831 211 941 251; x_wconf 84' lang='lat' dir='ltr'>Boll.</span> <span class='ocrx_word' id='word_1_16' title='bbox 961 212 987 250; x_wconf 87' lang='lat' dir='ltr'><strong>J</strong></span> <span class='ocrx_word' id='word_1_17' title='bbox 992 211 1050 250; x_wconf 90' lang='lat' dir='ltr'>ul.</span> <span class='ocrx_word' id='word_1_18' title='bbox 1074 215 1111 259; x_wconf 84' lang='lat'>3,</span> <span class='ocrx_word' id='word_1_19' title='bbox 1136 215 1202 250; x_wconf 82' lang='grc'>01.</span> <span class='ocrx_word' id='word_1_20' title='bbox 1227 211 1342 251; x_wconf 81' lang='lat' dir='ltr'>locus</span> <span class='ocrx_word' id='word_1_21' title='bbox 1365 212 1435 264; x_wconf 89' lang='lat' dir='ltr'>qui</span> <span class='ocrx_word' id='word_1_22' title='bbox 1457 212 1610 252; x_wconf 84' lang='lat' dir='ltr'>dicitur</span> 
     </span>
     <span class='ocr_line' id='line_1_3' title="bbox 71 280 1606 334; baseline -0.001 -13"><span class='ocrx_word' id='word_1_23' title='bbox 71 281 268 321; x_wconf 82' lang='lat' dir='ltr'>Mersella</span> <span class='ocrx_word' id='word_1_24' title='bbox 286 281 423 334; x_wconf 80' lang='lat' dir='ltr'>(Belg.</span> <span class='ocrx_word' id='word_1_25' title='bbox 440 297 448 327; x_wconf 90' lang='lat'>;</span> <span class='ocrx_word' id='word_1_26' title='bbox 474 281 526 320; x_wconf 81' lang='lat' dir='ltr'>ef.</span> <span class='ocrx_word' id='word_1_27' title='bbox 542 280 743 320; x_wconf 76' lang='lat' dir='ltr'>Mursella</span> <span class='ocrx_word' id='word_1_28' title='bbox 760 288 800 320; x_wconf 89' lang='lat' dir='ltr'>et</span> <span class='ocrx_word' id='word_1_29' title='bbox 818 281 977 329; x_wconf 86' lang='lat' dir='ltr'>Mursa,</span> <span class='ocrx_word' id='word_1_30' title='bbox 992 282 1187 320; x_wconf 85' lang='lat' dir='ltr'>Pannon.</span> <span class='ocrx_word' id='word_1_31' title='bbox 1200 280 1278 320; x_wconf 80' lang='lat' dir='ltr'>loc.</span> <span class='ocrx_word' id='word_1_32' title='bbox 1293 280 1336 320; x_wconf 90' lang='lat' dir='ltr'>in</span> <span class='ocrx_word' id='word_1_33' title='bbox 1349 281 1450 320; x_wconf 83' lang='lat' dir='ltr'>Itin.</span> <span class='ocrx_word' id='word_1_34' title='bbox 1466 282 1606 333; x_wconf 60' lang='lat' dir='ltr'>Arm),</span> 
     </span>
     <span class='ocr_line' id='line_1_4' title="bbox 70 350 1611 404; baseline -0.001 -14"><span class='ocrx_word' id='word_1_35' title='bbox 70 351 234 390; x_wconf 86' lang='lat' dir='ltr'>Mabill.</span> <span class='ocrx_word' id='word_1_36' title='bbox 260 364 365 389; x_wconf 85' lang='lat' dir='ltr'>saec.</span> <span class='ocrx_word' id='word_1_37' title='bbox 393 354 430 389; x_wconf 82' lang='lat'><strong>3.</strong></span> <span class='ocrx_word' id='word_1_38' title='bbox 456 354 492 398; x_wconf 89' lang='lat'>1,</span> <span class='ocrx_word' id='word_1_39' title='bbox 517 355 581 389; x_wconf 90' lang='lat'>17.</span> <span class='ocrx_word' id='word_1_40' title='bbox 607 354 671 389; x_wconf 80' lang='lat'>18.</span> <span class='ocrx_word' id='word_1_41' title='bbox 697 350 889 390; x_wconf 70' lang='lat' dir='ltr'>Vineella</span> <span class='ocrx_word' id='word_1_42' title='bbox 911 352 1054 404; x_wconf 86' lang='lat' dir='ltr'>(super</span> <span class='ocrx_word' id='word_1_43' title='bbox 1074 351 1117 390; x_wconf 91' lang='lat' dir='ltr'><strong>fl.</strong></span> <span class='ocrx_word' id='word_1_44' title='bbox 1140 351 1361 399; x_wconf 84' lang='lat' dir='ltr'>Icaunum,</span> <span class='ocrx_word' id='word_1_45' title='bbox 1384 350 1480 390; x_wconf 89' lang='lat' dir='ltr'>hod.</span> <span class='ocrx_word' id='word_1_46' title='bbox 1506 351 1611 390; x_wconf 75' lang='lat' dir='ltr'>Vin-</span> 
     </span>
     <span class='ocr_line' id='line_1_5' title="bbox 69 419 1607 473; baseline 0 -13"><span class='ocrx_word' id='word_1_47' title='bbox 69 421 187 472; x_wconf 85' lang='lat' dir='ltr'>celle)</span> <span class='ocrx_word' id='word_1_48' title='bbox 211 420 312 473; x_wconf 87' lang='lat' dir='ltr'>dipl.</span> <span class='ocrx_word' id='word_1_49' title='bbox 350 435 387 459; x_wconf 90' lang='lat' dir='ltr'>a.</span> <span class='ocrx_word' id='word_1_50' title='bbox 415 424 509 468; x_wconf 70' lang='lat'>634,</span> <span class='ocrx_word' id='word_1_51' title='bbox 547 419 710 459; x_wconf 84' lang='lat' dir='ltr'>Mabill.</span> <span class='ocrx_word' id='word_1_52' title='bbox 745 419 847 472; x_wconf 83' lang='lat' dir='ltr'><strong>dipl.</strong></span> <span class='ocrx_word' id='word_1_53' title='bbox 872 435 914 472; x_wconf 88' lang='lat' dir='ltr'>p.</span> <span class='ocrx_word' id='word_1_54' title='bbox 942 425 1036 459; x_wconf 65' lang='lat'><strong>2165.</strong></span> <span class='ocrx_word' id='word_1_55' title='bbox 1064 420 1166 460; x_wconf 88' lang='lat' dir='ltr'>silva</span> <span class='ocrx_word' id='word_1_56' title='bbox 1196 420 1404 460; x_wconf 81' lang='lat' dir='ltr'>forestella</span> <span class='ocrx_word' id='word_1_57' title='bbox 1432 422 1491 473; x_wconf 82' lang='lat' dir='ltr'>(p.</span> <span class='ocrx_word' id='word_1_58' title='bbox 1520 425 1607 472; x_wconf 77' lang='lat'><strong>93).</strong></span> 
     </span>
     <span class='ocr_line' id='line_1_6' title="bbox 69 489 1608 543; baseline 0 -13"><span class='ocrx_word' id='word_1_59' title='bbox 69 490 211 530; x_wconf 87' lang='lat' dir='ltr'>Plur.:</span> <span class='ocrx_word' id='word_1_60' title='bbox 237 489 451 530; x_wconf 71' lang='lat' dir='ltr'>Vercellae</span> <span class='ocrx_word' id='word_1_61' title='bbox 470 489 582 529; x_wconf 88' lang='lat' dir='ltr'>Plin.</span> <span class='ocrx_word' id='word_1_62' title='bbox 607 494 645 537; x_wconf 83' lang='grc'>3,</span> <span class='ocrx_word' id='word_1_63' title='bbox 671 494 734 528; x_wconf 82' lang='grc'>17.</span> <span class='ocrx_word' id='word_1_64' title='bbox 761 489 954 542; x_wconf 81' lang='lat' dir='ltr'>Vipellis,</span> <span class='ocrx_word' id='word_1_65' title='bbox 976 490 1168 530; x_wconf 72' lang='lat' dir='ltr'>Viscellis</span> <span class='ocrx_word' id='word_1_66' title='bbox 1188 490 1367 543; x_wconf 57' lang='lat' dir='ltr'>(Nerua,</span> <span class='ocrx_word' id='word_1_67' title='bbox 1390 492 1608 542; x_wconf 88' lang='lat' dir='ltr'>Pannon.)</span> 
     </span>
     <span class='ocr_line' id='line_1_7' title="bbox 69 559 1608 612; baseline 0 -12"><span class='ocrx_word' id='word_1_68' title='bbox 69 561 173 600; x_wconf 81' lang='lat' dir='ltr'>Tab.</span> <span class='ocrx_word' id='word_1_69' title='bbox 207 561 330 599; x_wconf 87' lang='lat' dir='ltr'>Peut.</span> <span class='ocrx_word' id='word_1_70' title='bbox 385 560 536 599; x_wconf 91' lang='lat' dir='ltr'>Porro:</span> <span class='ocrx_word' id='word_1_71' title='bbox 573 559 891 599; x_wconf 81' lang='lat' dir='ltr'>Uxellodunum</span> <span class='ocrx_word' id='word_1_72' title='bbox 923 560 1043 599; x_wconf 82' lang='lat' dir='ltr'>Caes.</span> <span class='ocrx_word' id='word_1_73' title='bbox 1075 560 1190 599; x_wconf 80' lang='lat' dir='ltr'>loeus</span> <span class='ocrx_word' id='word_1_74' title='bbox 1219 561 1411 600; x_wconf 85' lang='lat' dir='ltr'>Oseellus</span> <span class='ocrx_word' id='word_1_75' title='bbox 1443 560 1506 612; x_wconf 82' lang='lat' dir='ltr'>(in</span> <span class='ocrx_word' id='word_1_76' title='bbox 1537 561 1608 600; x_wconf 84' lang='lat' dir='ltr'>Se-</span> 
     </span>
     <span class='ocr_line' id='line_1_8' title="bbox 71 629 1611 683; baseline 0.001 -15"><span class='ocrx_word' id='word_1_77' title='bbox 71 644 232 683; x_wconf 87' lang='lat' dir='ltr'>quanae</span> <span class='ocrx_word' id='word_1_78' title='bbox 249 630 421 682; x_wconf 83' lang='lat' dir='ltr'>insula),</span> <span class='ocrx_word' id='word_1_79' title='bbox 445 630 552 668; x_wconf 84' lang='lat' dir='ltr'>Boll.</span> <span class='ocrx_word' id='word_1_80' title='bbox 576 629 678 669; x_wconf 87' lang='lat' dir='ltr'>Mai.</span> <span class='ocrx_word' id='word_1_81' title='bbox 703 634 741 678; x_wconf 83' lang='grc'>6,</span> <span class='ocrx_word' id='word_1_82' title='bbox 761 634 856 669; x_wconf 75' lang='grc'>803.</span> <span class='ocrx_word' id='word_1_83' title='bbox 878 630 1077 682; x_wconf 80' lang='lat' dir='ltr'>eapellus,</span> <span class='ocrx_word' id='word_1_84' title='bbox 1099 630 1271 682; x_wconf 84' lang='lat' dir='ltr'>eapella,</span> <span class='ocrx_word' id='word_1_85' title='bbox 1293 630 1500 683; x_wconf 76' lang='lat' dir='ltr'>capellum</span> <span class='ocrx_word' id='word_1_86' title='bbox 1518 629 1611 682; x_wconf 88' lang='lat' dir='ltr'>(mi-</span> 
     </span>
     <span class='ocr_line' id='line_1_9' title="bbox 67 698 1610 753; baseline -0.001 -14"><span class='ocrx_word' id='word_1_87' title='bbox 67 715 143 739; x_wconf 91' lang='lat' dir='ltr'>nor</span> <span class='ocrx_word' id='word_1_88' title='bbox 159 714 274 753; x_wconf 83' lang='lat' dir='ltr'>capa,</span> <span class='ocrx_word' id='word_1_89' title='bbox 301 706 574 752; x_wconf 79' lang='lat' dir='ltr'><strong>tegmentum,</strong></span> <span class='ocrx_word' id='word_1_90' title='bbox 595 700 695 752; x_wconf 82' lang='lat' dir='ltr'>gall.</span> <span class='ocrx_word' id='word_1_91' title='bbox 715 699 813 739; x_wconf 88' lang='lat' dir='ltr'>hod.</span> <span class='ocrx_word' id='word_1_92' title='bbox 835 699 1033 751; x_wconf 63' lang='lat' dir='ltr'>chasteau,</span> <span class='ocrx_word' id='word_1_93' title='bbox 1054 698 1208 751; x_wconf 84' lang='lat' dir='ltr'>pileus)</span> <span class='ocrx_word' id='word_1_94' title='bbox 1226 714 1292 752; x_wconf 84' lang='lat' dir='ltr'>ap.</span> <span class='ocrx_word' id='word_1_95' title='bbox 1314 700 1466 753; x_wconf 63' lang='lat' dir='ltr'>Cang„</span> <span class='ocrx_word' id='word_1_96' title='bbox 1487 715 1511 739; x_wconf 90' lang='lat' dir='ltr'>a</span> <span class='ocrx_word' id='word_1_97' title='bbox 1528 714 1610 752; x_wconf 91' lang='lat' dir='ltr'>quo</span> 
     </span>
     <span class='ocr_line' id='line_1_10' title="bbox 68 768 1610 823; baseline -0.001 -14"><span class='ocrx_word' id='word_1_98' title='bbox 68 784 153 809; x_wconf 88' lang='lat' dir='ltr'>non</span> <span class='ocrx_word' id='word_1_99' title='bbox 181 769 353 809; x_wconf 79' lang='lat' dir='ltr'>dissidet</span> <span class='ocrx_word' id='word_1_100' title='bbox 375 769 656 823; x_wconf 86' lang='lat' dir='ltr'>Capellatium</span> <span class='ocrx_word' id='word_1_101' title='bbox 678 769 761 821; x_wconf 81' lang='lat' dir='ltr'>(vel</span> <span class='ocrx_word' id='word_1_102' title='bbox 784 769 924 817; x_wconf 87' lang='lat' dir='ltr'>Palas,</span> <span class='ocrx_word' id='word_1_103' title='bbox 948 782 1101 808; x_wconf 89' lang='lat' dir='ltr'>nomen</span> <span class='ocrx_word' id='word_1_104' title='bbox 1126 768 1321 820; x_wconf 76' lang='lat' dir='ltr'>regionis,</span> <span class='ocrx_word' id='word_1_105' title='bbox 1347 769 1375 808; x_wconf 89' lang='lat' dir='ltr'>i.</span> <span class='ocrx_word' id='word_1_106' title='bbox 1403 784 1438 808; x_wconf 90' lang='lat' dir='ltr'>e.</span> <span class='ocrx_word' id='word_1_107' title='bbox 1464 769 1610 808; x_wconf 88' lang='lat' dir='ltr'>limitis</span> 
     </span>
     <span class='ocr_line' id='line_1_11' title="bbox 67 839 1609 893; baseline -0.001 -14"><span class='ocrx_word' id='word_1_108' title='bbox 67 840 230 893; x_wconf 81' lang='lat' dir='ltr'>imperii</span> <span class='ocrx_word' id='word_1_109' title='bbox 251 840 411 879; x_wconf 87' lang='lat' dir='ltr'>romani</span> <span class='ocrx_word' id='word_1_110' title='bbox 434 840 645 892; x_wconf 89' lang='lat' dir='ltr'>quondam</span> <span class='ocrx_word' id='word_1_111' title='bbox 668 839 980 892; x_wconf 72' lang='lat' dir='ltr'>transrhenani)</span> <span class='ocrx_word' id='word_1_112' title='bbox 1002 840 1143 879; x_wconf 78' lang='lat' dir='ltr'>Amm.</span> <span class='ocrx_word' id='word_1_113' title='bbox 1173 842 1238 886; x_wconf 81' lang='grc'>18,</span> <span class='ocrx_word' id='word_1_114' title='bbox 1262 841 1299 877; x_wconf 96' lang='grc'>2.</span> <span class='ocrx_word' id='word_1_115' title='bbox 1340 839 1439 878; x_wconf 91' lang='lat' dir='ltr'>ILL</span> <span class='ocrx_word' id='word_1_116' title='bbox 1463 839 1609 886; x_wconf 80' lang='lat' dir='ltr'>(derni-</span> 
     </span>
     <span class='ocr_line' id='line_1_12' title="bbox 66 908 1610 962; baseline -0.001 -13"><span class='ocrx_word' id='word_1_117' title='bbox 66 924 201 949; x_wconf 87' lang='lat' dir='ltr'>nuens</span> <span class='ocrx_word' id='word_1_118' title='bbox 233 911 364 949; x_wconf 84' lang='lat' dir='ltr'>subst.</span> <span class='ocrx_word' id='word_1_119' title='bbox 390 925 516 950; x_wconf 77' lang='lat' dir='ltr'>masc.</span> <span class='ocrx_word' id='word_1_120' title='bbox 544 917 584 949; x_wconf 87' lang='lat' dir='ltr'>et</span> <span class='ocrx_word' id='word_1_121' title='bbox 605 910 746 961; x_wconf 84' lang='lat' dir='ltr'>fem.):</span> <span class='ocrx_word' id='word_1_122' title='bbox 782 909 953 962; x_wconf 84' lang='lat' dir='ltr'>regillus</span> <span class='ocrx_word' id='word_1_123' title='bbox 987 909 1062 961; x_wconf 84' lang='lat' dir='ltr'>(gl.</span> <span class='ocrx_word' id='word_1_124' title='bbox 1087 908 1276 961; x_wconf 80' lang='lat' dir='ltr'>regulus)</span> <span class='ocrx_word' id='word_1_125' title='bbox 1301 908 1358 961; x_wconf 84' lang='lat' dir='ltr'>gl.</span> <span class='ocrx_word' id='word_1_126' title='bbox 1385 908 1506 957; x_wconf 87' lang='lat' dir='ltr'>Isid.,</span> <span class='ocrx_word' id='word_1_127' title='bbox 1532 908 1610 947; x_wconf 89' lang='lat' dir='ltr'>fre-</span> 
     </span>
     <span class='ocr_line' id='line_1_13' title="bbox 67 978 1609 1033; baseline -0.001 -14"><span class='ocrx_word' id='word_1_128' title='bbox 67 980 340 1033; x_wconf 84' lang='lat' dir='ltr'>quentissima</span> <span class='ocrx_word' id='word_1_129' title='bbox 369 979 568 1019; x_wconf 76' lang='lat' dir='ltr'>derivatio</span> <span class='ocrx_word' id='word_1_130' title='bbox 597 979 817 1019; x_wconf 86' lang='lat' dir='ltr'>nominum</span> <span class='ocrx_word' id='word_1_131' title='bbox 846 978 1109 1032; x_wconf 87' lang='lat' dir='ltr'>propriorum</span> <span class='ocrx_word' id='word_1_132' title='bbox 1130 993 1258 1018; x_wconf 85' lang='lat' dir='ltr'>masc.</span> <span class='ocrx_word' id='word_1_133' title='bbox 1284 984 1325 1017; x_wconf 84' lang='lat' dir='ltr'>et</span> <span class='ocrx_word' id='word_1_134' title='bbox 1345 978 1467 1017; x_wconf 86' lang='lat' dir='ltr'>fem.:</span> <span class='ocrx_word' id='word_1_135' title='bbox 1503 979 1609 1018; x_wconf 88' lang='lat' dir='ltr'>Ros-</span> 
     </span>
     <span class='ocr_line' id='line_1_14' title="bbox 66 1047 1605 1099; baseline -0.002 -10"><span class='ocrx_word' id='word_1_136' title='bbox 66 1051 209 1099; x_wconf 84' lang='lat' dir='ltr'>eillus,</span> <span class='ocrx_word' id='word_1_137' title='bbox 244 1050 436 1090; x_wconf 86' lang='lat' dir='ltr'>Celtillus</span> <span class='ocrx_word' id='word_1_138' title='bbox 466 1050 585 1090; x_wconf 55' lang='lat' dir='ltr'>Caes</span> <span class='ocrx_word' id='word_1_139' title='bbox 619 1049 855 1099; x_wconf 80' lang='lat' dir='ltr'>Toutillus,</span> <span class='ocrx_word' id='word_1_140' title='bbox 892 1049 1144 1097; x_wconf 80' lang='lat' dir='ltr'>Troucillus,</span> <span class='ocrx_word' id='word_1_141' title='bbox 1181 1047 1373 1096; x_wconf 85' lang='lat' dir='ltr'>Sorillus,</span> <span class='ocrx_word' id='word_1_142' title='bbox 1407 1047 1605 1097; x_wconf 82' lang='lat' dir='ltr'>Borillus,</span> 
     </span>
     <span class='ocr_line' id='line_1_15' title="bbox 66 1118 1609 1174; baseline -0.002 -14"><span class='ocrx_word' id='word_1_143' title='bbox 66 1120 269 1174; x_wconf 76' lang='lat' dir='ltr'>Capillus,</span> <span class='ocrx_word' id='word_1_144' title='bbox 296 1120 486 1159; x_wconf 83' lang='lat' dir='ltr'>Pistillus</span> <span class='ocrx_word' id='word_1_145' title='bbox 508 1120 552 1159; x_wconf 91' lang='lat' dir='ltr'>in</span> <span class='ocrx_word' id='word_1_146' title='bbox 576 1119 792 1172; x_wconf 85' lang='lat' dir='ltr'>Inscriptt.</span> <span class='ocrx_word' id='word_1_147' title='bbox 818 1134 885 1172; x_wconf 87' lang='lat' dir='ltr'>ap.</span> <span class='ocrx_word' id='word_1_148' title='bbox 911 1120 1057 1167; x_wconf 85' lang='lat' dir='ltr'>Grut.,</span> <span class='ocrx_word' id='word_1_149' title='bbox 1078 1119 1282 1158; x_wconf 77' lang='lat' dir='ltr'>Murator.</span> <span class='ocrx_word' id='word_1_150' title='bbox 1309 1125 1350 1158; x_wconf 83' lang='lat' dir='ltr'>et</span> <span class='ocrx_word' id='word_1_151' title='bbox 1370 1118 1500 1157; x_wconf 91' lang='lat' dir='ltr'>Orell.</span> <span class='ocrx_word' id='word_1_152' title='bbox 1534 1119 1609 1158; x_wconf 90' lang='lat' dir='ltr'>Fe-</span> 
     </span>
     <span class='ocr_line' id='line_1_16' title="bbox 66 1187 1609 1241; baseline -0.001 -12"><span class='ocrx_word' id='word_1_153' title='bbox 66 1190 247 1230; x_wconf 86' lang='lat' dir='ltr'>minina:</span> <span class='ocrx_word' id='word_1_154' title='bbox 284 1190 461 1238; x_wconf 80' lang='lat' dir='ltr'>Fadilla,</span> <span class='ocrx_word' id='word_1_155' title='bbox 496 1189 678 1229; x_wconf 78' lang='lat' dir='ltr'>Procilla</span> <span class='ocrx_word' id='word_1_156' title='bbox 708 1189 1026 1232; x_wconf 83' lang='lat' dir='ltr'>(Nemausensis</span> <span class='ocrx_word' id='word_1_157' title='bbox 1055 1187 1237 1241; x_wconf 81' lang='lat' dir='ltr'>generis)</span> <span class='ocrx_word' id='word_1_158' title='bbox 1268 1188 1496 1241; x_wconf 83' lang='lat' dir='ltr'>Capitolin.</span> <span class='ocrx_word' id='word_1_159' title='bbox 1520 1189 1609 1227; x_wconf 93' lang='lat' dir='ltr'>An-</span> 
     </span>
     <span class='ocr_line' id='line_1_17' title="bbox 67 1258 1608 1311; baseline -0.001 -12"><span class='ocrx_word' id='word_1_160' title='bbox 67 1268 153 1300; x_wconf 90' lang='lat' dir='ltr'>ton.</span> <span class='ocrx_word' id='word_1_161' title='bbox 180 1261 230 1300; x_wconf 92' lang='lat' dir='ltr'>P.</span> <span class='ocrx_word' id='word_1_162' title='bbox 256 1275 291 1299; x_wconf 85' lang='lat'><strong>(·.</strong></span> <span class='ocrx_word' id='word_1_163' title='bbox 322 1265 357 1299; x_wconf 89' lang='lat'>1.</span> <span class='ocrx_word' id='word_1_164' title='bbox 384 1259 549 1308; x_wconf 83' lang='lat' dir='ltr'>Livilla,</span> <span class='ocrx_word' id='word_1_165' title='bbox 575 1259 763 1299; x_wconf 80' lang='lat' dir='ltr'>Drusilla</span> <span class='ocrx_word' id='word_1_166' title='bbox 789 1259 963 1299; x_wconf 82' lang='lat' dir='ltr'>Sueton.</span> <span class='ocrx_word' id='word_1_167' title='bbox 989 1258 1122 1311; x_wconf 79' lang='lat' dir='ltr'>Calig.</span> <span class='ocrx_word' id='word_1_168' title='bbox 1148 1263 1184 1297; x_wconf 88' lang='lat'>7.</span> <span class='ocrx_word' id='word_1_169' title='bbox 1207 1262 1274 1297; x_wconf 77' lang='lat'><strong>24.</strong></span> <span class='ocrx_word' id='word_1_170' title='bbox 1300 1258 1479 1306; x_wconf 80' lang='lat' dir='ltr'>Babilla,</span> <span class='ocrx_word' id='word_1_171' title='bbox 1504 1258 1608 1298; x_wconf 88' lang='lat' dir='ltr'>Vin-</span> 
     </span>
     <span class='ocr_line' id='line_1_18' title="bbox 66 1328 1609 1383; baseline -0.002 -13"><span class='ocrx_word' id='word_1_172' title='bbox 66 1331 179 1379; x_wconf 82' lang='lat' dir='ltr'>dilla,</span> <span class='ocrx_word' id='word_1_173' title='bbox 206 1330 458 1383; x_wconf 77' lang='lat' dir='ltr'>Exeingilla,</span> <span class='ocrx_word' id='word_1_174' title='bbox 486 1330 674 1370; x_wconf 79' lang='lat' dir='ltr'>Gabrilla</span> <span class='ocrx_word' id='word_1_175' title='bbox 696 1337 773 1369; x_wconf 80' lang='lat' dir='ltr'>ete.</span> <span class='ocrx_word' id='word_1_176' title='bbox 799 1329 843 1368; x_wconf 89' lang='lat' dir='ltr'>in</span> <span class='ocrx_word' id='word_1_177' title='bbox 866 1328 1084 1382; x_wconf 79' lang='lat' dir='ltr'>Inseriptt.</span> <span class='ocrx_word' id='word_1_178' title='bbox 1124 1328 1223 1368; x_wconf 91' lang='lat' dir='ltr'>Non</span> <span class='ocrx_word' id='word_1_179' title='bbox 1245 1328 1485 1381; x_wconf 83' lang='lat' dir='ltr'>infrequens</span> <span class='ocrx_word' id='word_1_180' title='bbox 1507 1329 1609 1368; x_wconf 87' lang='lat' dir='ltr'>haee</span> 
     </span>
     <span class='ocr_line' id='line_1_19' title="bbox 66 1398 1603 1453; baseline -0.003 -12"><span class='ocrx_word' id='word_1_181' title='bbox 66 1401 243 1441; x_wconf 85' lang='lat' dir='ltr'>formula</span> <span class='ocrx_word' id='word_1_182' title='bbox 274 1400 399 1439; x_wconf 85' lang='lat' dir='ltr'>etiam</span> <span class='ocrx_word' id='word_1_183' title='bbox 428 1400 471 1438; x_wconf 90' lang='lat' dir='ltr'>in</span> <span class='ocrx_word' id='word_1_184' title='bbox 502 1400 661 1453; x_wconf 81' lang='lat' dir='ltr'>duplic-i</span> <span class='ocrx_word' id='word_1_185' title='bbox 691 1399 945 1439; x_wconf 81' lang='lat' dir='ltr'>derivatione</span> <span class='ocrx_word' id='word_1_186' title='bbox 976 1414 1073 1438; x_wconf 73' lang='lat' dir='ltr'>eum</span> <span class='ocrx_word' id='word_1_187' title='bbox 1100 1398 1270 1451; x_wconf 87' lang='lat' dir='ltr'>liquidis</span> <span class='ocrx_word' id='word_1_188' title='bbox 1292 1398 1359 1438; x_wconf 78' lang='lat' dir='ltr'>vel</span> <span class='ocrx_word' id='word_1_189' title='bbox 1381 1398 1603 1438; x_wconf 83' lang='lat' dir='ltr'>tenuibus:</span> 
     </span>
     <span class='ocr_line' id='line_1_20' title="bbox 66 1469 1603 1522; baseline -0.002 -11"><span class='ocrx_word' id='word_1_190' title='bbox 66 1471 314 1519; x_wconf 73' lang='lat' dir='ltr'>Cavarillus,</span> <span class='ocrx_word' id='word_1_191' title='bbox 347 1470 597 1510; x_wconf 63' lang='lat' dir='ltr'>Abduc-illus</span> <span class='ocrx_word' id='word_1_192' title='bbox 626 1471 745 1510; x_wconf 81' lang='lat' dir='ltr'>Caes.</span> <span class='ocrx_word' id='word_1_193' title='bbox 785 1469 1006 1517; x_wconf 83' lang='lat' dir='ltr'>Otacillus,</span> <span class='ocrx_word' id='word_1_194' title='bbox 1040 1469 1220 1509; x_wconf 81' lang='lat' dir='ltr'>Otacilla</span> <span class='ocrx_word' id='word_1_195' title='bbox 1250 1469 1446 1522; x_wconf 79' lang='lat' dir='ltr'>Inseript.</span> <span class='ocrx_word' id='word_1_196' title='bbox 1473 1469 1603 1509; x_wconf 90' lang='lat' dir='ltr'>Orell.</span> 
     </span>
     <span class='ocr_line' id='line_1_21' title="bbox 69 1539 1608 1589; baseline -0.001 -8"><span class='ocrx_word' id='word_1_197' title='bbox 69 1546 163 1581; x_wconf 84' lang='lat'><strong>373.</strong></span> <span class='ocrx_word' id='word_1_198' title='bbox 205 1541 454 1589; x_wconf 56' lang='lat' dir='ltr'>Varie-illus,</span> <span class='ocrx_word' id='word_1_199' title='bbox 496 1540 768 1589; x_wconf 74' lang='lat' dir='ltr'>Jovineillus,</span> <span class='ocrx_word' id='word_1_200' title='bbox 804 1539 1060 1579; x_wconf 86' lang='lat' dir='ltr'>Carantillus</span> <span class='ocrx_word' id='word_1_201' title='bbox 1101 1540 1233 1578; x_wconf 86' lang='lat' dir='ltr'>Inser.</span> <span class='ocrx_word' id='word_1_202' title='bbox 1269 1540 1395 1579; x_wconf 83' lang='lat' dir='ltr'>Grut.</span> <span class='ocrx_word' id='word_1_203' title='bbox 1431 1546 1472 1579; x_wconf 83' lang='lat' dir='ltr'>et</span> <span class='ocrx_word' id='word_1_204' title='bbox 1511 1540 1608 1579; x_wconf 86' lang='lat' dir='ltr'>Mu-</span> 
     </span>
     <span class='ocr_line' id='line_1_22' title="bbox 65 1609 1603 1663; baseline -0.001 -13"><span class='ocrx_word' id='word_1_205' title='bbox 65 1619 142 1651; x_wconf 86' lang='lat' dir='ltr'>rat.</span> <span class='ocrx_word' id='word_1_206' title='bbox 178 1610 445 1651; x_wconf 82' lang='lat' dir='ltr'>Cabillonum</span> <span class='ocrx_word' id='word_1_207' title='bbox 479 1612 597 1650; x_wconf 83' lang='lat' dir='ltr'>Caes.</span> <span class='ocrx_word' id='word_1_208' title='bbox 644 1610 760 1649; x_wconf 79' lang='lat' dir='ltr'>ULL</span> <span class='ocrx_word' id='word_1_209' title='bbox 790 1617 837 1649; x_wconf 86' lang='lat' dir='ltr'>ut</span> <span class='ocrx_word' id='word_1_210' title='bbox 867 1610 1139 1663; x_wconf 76' lang='lat' dir='ltr'>praecedens:</span> <span class='ocrx_word' id='word_1_211' title='bbox 1175 1609 1383 1648; x_wconf 84' lang='lat' dir='ltr'>Marullus</span> <span class='ocrx_word' id='word_1_212' title='bbox 1407 1609 1603 1662; x_wconf 77' lang='lat' dir='ltr'>Inseript.</span> 
     </span>
     <span class='ocr_line' id='line_1_23' title="bbox 66 1679 1604 1729; baseline -0.001 -8"><span class='ocrx_word' id='word_1_213' title='bbox 66 1681 195 1721; x_wconf 87' lang='lat' dir='ltr'>Orell.</span> <span class='ocrx_word' id='word_1_214' title='bbox 224 1685 346 1719; x_wconf 70' lang='lat'><strong>4019.</strong></span> <span class='ocrx_word' id='word_1_215' title='bbox 385 1680 580 1719; x_wconf 75' lang='lat' dir='ltr'>Sabullus</span> <span class='ocrx_word' id='word_1_216' title='bbox 612 1680 736 1719; x_wconf 85' lang='lat' dir='ltr'>Grut.</span> <span class='ocrx_word' id='word_1_217' title='bbox 766 1684 894 1728; x_wconf 81' lang='lat'>1003,</span> <span class='ocrx_word' id='word_1_218' title='bbox 925 1685 961 1719; x_wconf 91' lang='lat'>1.</span> <span class='ocrx_word' id='word_1_219' title='bbox 1003 1679 1187 1718; x_wconf 87' lang='lat' dir='ltr'>Titullus</span> <span class='ocrx_word' id='word_1_220' title='bbox 1217 1680 1375 1718; x_wconf 81' lang='lat' dir='ltr'>Murat.</span> <span class='ocrx_word' id='word_1_221' title='bbox 1406 1684 1537 1729; x_wconf 83' lang='lat'>1501,</span> <span class='ocrx_word' id='word_1_222' title='bbox 1567 1686 1604 1719; x_wconf 91' lang='lat'>7.</span> 
     </span>
     <span class='ocr_line' id='line_1_24' title="bbox 66 1749 1603 1801; baseline -0.001 -10"><span class='ocrx_word' id='word_1_223' title='bbox 66 1751 259 1791; x_wconf 74' lang='lat' dir='ltr'>Catullus</span> <span class='ocrx_word' id='word_1_224' title='bbox 290 1750 586 1801; x_wconf 76' lang='lat' dir='ltr'>(Tricassinus,</span> <span class='ocrx_word' id='word_1_225' title='bbox 612 1749 889 1801; x_wconf 73' lang='lat' dir='ltr'>Vesontinus)</span> <span class='ocrx_word' id='word_1_226' title='bbox 914 1750 1072 1789; x_wconf 85' lang='lat' dir='ltr'>Murat.</span> <span class='ocrx_word' id='word_1_227' title='bbox 1101 1753 1222 1797; x_wconf 71' lang='lat'>1068,</span> <span class='ocrx_word' id='word_1_228' title='bbox 1252 1754 1288 1788; x_wconf 84' lang='lat'><strong>7.</strong></span> <span class='ocrx_word' id='word_1_229' title='bbox 1322 1749 1451 1789; x_wconf 87' lang='lat' dir='ltr'>Orell.</span> <span class='ocrx_word' id='word_1_230' title='bbox 1480 1753 1603 1789; x_wconf 74' lang='grc'>2064.</span> 
     </span>
     <span class='ocr_line' id='line_1_25' title="bbox 67 1819 1603 1868; baseline 0 -8"><span class='ocrx_word' id='word_1_231' title='bbox 67 1820 310 1860; x_wconf 71' lang='lat' dir='ltr'>(iermullus</span> <span class='ocrx_word' id='word_1_232' title='bbox 343 1822 467 1859; x_wconf 77' lang='lat' dir='ltr'>Grut.</span> <span class='ocrx_word' id='word_1_233' title='bbox 496 1824 590 1868; x_wconf 76' lang='lat'>955,</span> <span class='ocrx_word' id='word_1_234' title='bbox 622 1823 685 1858; x_wconf 87' lang='grc'>12.</span> <span class='ocrx_word' id='word_1_235' title='bbox 721 1819 950 1868; x_wconf 86' lang='lat' dir='ltr'>Cintullus,</span> <span class='ocrx_word' id='word_1_236' title='bbox 977 1819 1200 1859; x_wconf 60' lang='lat' dir='ltr'>(lentullus</span> <span class='ocrx_word' id='word_1_237' title='bbox 1228 1820 1386 1858; x_wconf 84' lang='lat' dir='ltr'>Murat.</span> <span class='ocrx_word' id='word_1_238' title='bbox 1417 1823 1536 1868; x_wconf 76' lang='grc'>1281,</span> <span class='ocrx_word' id='word_1_239' title='bbox 1565 1825 1603 1860; x_wconf 87' lang='grc'>6.</span> 
     </span>
     <span class='ocr_line' id='line_1_26' title="bbox 67 1889 1608 1941; baseline -0.001 -11"><span class='ocrx_word' id='word_1_240' title='bbox 67 1890 308 1930; x_wconf 82' lang='lat' dir='ltr'>Feminina:</span> <span class='ocrx_word' id='word_1_241' title='bbox 344 1890 525 1930; x_wconf 80' lang='lat' dir='ltr'>Marulla</span> <span class='ocrx_word' id='word_1_242' title='bbox 548 1890 677 1930; x_wconf 89' lang='lat' dir='ltr'>Orell.</span> <span class='ocrx_word' id='word_1_243' title='bbox 706 1894 829 1928; x_wconf 81' lang='lat'><strong>5060.</strong></span> <span class='ocrx_word' id='word_1_244' title='bbox 863 1889 1053 1941; x_wconf 81' lang='lat' dir='ltr'>Magulla</span> <span class='ocrx_word' id='word_1_245' title='bbox 1075 1889 1200 1929; x_wconf 84' lang='lat' dir='ltr'>Grut.</span> <span class='ocrx_word' id='word_1_246' title='bbox 1229 1892 1324 1937; x_wconf 84' lang='lat'>912,</span> <span class='ocrx_word' id='word_1_247' title='bbox 1355 1893 1420 1928; x_wconf 92' lang='grc'>10.</span> <span class='ocrx_word' id='word_1_248' title='bbox 1447 1889 1608 1930; x_wconf 85' lang='lat' dir='ltr'>Titulla</span> 
     </span>
     <span class='ocr_line' id='line_1_27' title="bbox 68 1952 1611 2008; baseline 0 -8"><span class='ocrx_word' id='word_1_249' title='bbox 68 1961 226 2000; x_wconf 78' lang='lat' dir='ltr'>Murat.</span> <span class='ocrx_word' id='word_1_250' title='bbox 256 1964 386 2008; x_wconf 76' lang='grc'>1501,</span> <span class='ocrx_word' id='word_1_251' title='bbox 423 1966 469 2007; x_wconf 82' lang='grc'>6;</span> <span class='ocrx_word' id='word_1_252' title='bbox 512 1974 608 1999; x_wconf 72' lang='lat' dir='ltr'>(rum</span> <span class='ocrx_word' id='word_1_253' title='bbox 643 1959 724 1999; x_wconf 87' lang='lat' dir='ltr'>alia</span> <span class='ocrx_word' id='word_1_254' title='bbox 760 1952 1038 1998; x_wconf 82' lang='lat' dir='ltr'>derivatione:</span> <span class='ocrx_word' id='word_1_255' title='bbox 1080 1958 1359 2008; x_wconf 84' lang='lat' dir='ltr'>Bellatullus,</span> <span class='ocrx_word' id='word_1_256' title='bbox 1399 1959 1611 2000; x_wconf 69' lang='lat' dir='ltr'>,Belatulla</span> 
     </span>
     <span class='ocr_line' id='line_1_28' title="bbox 65 2028 1607 2077; baseline 0 -7"><span class='ocrx_word' id='word_1_257' title='bbox 65 2030 194 2070; x_wconf 85' lang='lat' dir='ltr'>Orell.</span> <span class='ocrx_word' id='word_1_258' title='bbox 224 2032 317 2069; x_wconf 71' lang='grc'>257.</span> <span class='ocrx_word' id='word_1_259' title='bbox 346 2034 468 2069; x_wconf 73' lang='grc'>4983.</span> <span class='ocrx_word' id='word_1_260' title='bbox 513 2030 753 2070; x_wconf 84' lang='lat' dir='ltr'>Caratullus</span> <span class='ocrx_word' id='word_1_261' title='bbox 776 2029 901 2069; x_wconf 84' lang='lat' dir='ltr'>Grut.</span> <span class='ocrx_word' id='word_1_262' title='bbox 930 2032 1034 2077; x_wconf 73' lang='lat'>862,</span> <span class='ocrx_word' id='word_1_263' title='bbox 1063 2030 1100 2067; x_wconf 91' lang='grc'>2.</span> <span class='ocrx_word' id='word_1_264' title='bbox 1145 2029 1198 2067; x_wconf 86' lang='grc'>111</span> <span class='ocrx_word' id='word_1_265' title='bbox 1226 2028 1467 2069; x_wconf 89' lang='lat' dir='ltr'>nominibus</span> <span class='ocrx_word' id='word_1_266' title='bbox 1499 2031 1607 2070; x_wconf 79' lang='lat' dir='ltr'>loeo-</span> 
     </span>
     <span class='ocr_line' id='line_1_29' title="bbox 64 2098 1602 2153; baseline 0 -14"><span class='ocrx_word' id='word_1_267' title='bbox 64 2115 179 2140; x_wconf 82' lang='lat' dir='ltr'>rum:</span> <span class='ocrx_word' id='word_1_268' title='bbox 214 2100 389 2139; x_wconf 84' lang='lat' dir='ltr'>Cuculle</span> <span class='ocrx_word' id='word_1_269' title='bbox 412 2102 557 2153; x_wconf 82' lang='lat' dir='ltr'>(prope</span> <span class='ocrx_word' id='word_1_270' title='bbox 581 2101 607 2139; x_wconf 90' lang='lat' dir='ltr'>J</span> <span class='ocrx_word' id='word_1_271' title='bbox 612 2114 815 2147; x_wconf 73' lang='lat' dir='ltr'>uvavum,</span> <span class='ocrx_word' id='word_1_272' title='bbox 849 2099 901 2138; x_wconf 76' lang='lat' dir='ltr'><strong>cf.</strong></span> <span class='ocrx_word' id='word_1_273' title='bbox 926 2098 1260 2146; x_wconf 79' lang='lat' dir='ltr'>bardocucullus,</span> <span class='ocrx_word' id='word_1_274' title='bbox 1287 2099 1468 2139; x_wconf 81' lang='lat' dir='ltr'>Trebell.</span> <span class='ocrx_word' id='word_1_275' title='bbox 1494 2100 1602 2139; x_wconf 88' lang='lat' dir='ltr'>Poll.</span> 
     </span>
     <span class='ocr_line' id='line_1_30' title="bbox 65 2168 1601 2221; baseline -0.001 -12"><span class='ocrx_word' id='word_1_276' title='bbox 65 2171 161 2210; x_wconf 82' lang='lat' dir='ltr'>Div.</span> <span class='ocrx_word' id='word_1_277' title='bbox 188 2170 337 2210; x_wconf 83' lang='lat' dir='ltr'>Claud.</span> <span class='ocrx_word' id='word_1_278' title='bbox 363 2184 398 2209; x_wconf 89' lang='lat' dir='ltr'>e.</span> <span class='ocrx_word' id='word_1_279' title='bbox 430 2174 493 2218; x_wconf 89' lang='lat'>17,</span> <span class='ocrx_word' id='word_1_280' title='bbox 520 2171 674 2210; x_wconf 78' lang='lat' dir='ltr'>cuculli</span> <span class='ocrx_word' id='word_1_281' title='bbox 705 2169 901 2218; x_wconf 80' lang='lat' dir='ltr'>bardaiei,</span> <span class='ocrx_word' id='word_1_282' title='bbox 928 2168 1157 2221; x_wconf 86' lang='lat' dir='ltr'>Capitolin.</span> <span class='ocrx_word' id='word_1_283' title='bbox 1184 2168 1346 2208; x_wconf 87' lang='lat' dir='ltr'>Pertin.</span> <span class='ocrx_word' id='word_1_284' title='bbox 1372 2184 1407 2208; x_wconf 87' lang='lat' dir='ltr'>e.</span> <span class='ocrx_word' id='word_1_285' title='bbox 1432 2172 1474 2221; x_wconf 68' lang='lat'>8)</span> <span class='ocrx_word' id='word_1_286' title='bbox 1497 2170 1601 2209; x_wconf 70' lang='lat' dir='ltr'>Tab.</span> 
     </span>
     <span class='ocr_line' id='line_1_31' title="bbox 65 2237 1603 2293; baseline -0.001 -13"><span class='ocrx_word' id='word_1_287' title='bbox 65 2242 187 2281; x_wconf 77' lang='lat' dir='ltr'>Peut.</span> <span class='ocrx_word' id='word_1_288' title='bbox 221 2237 482 2280; x_wconf 72' lang='grc' dir='ltr'>ῙΙῙέόοῑ·λλον</span> <span class='ocrx_word' id='word_1_289' title='bbox 511 2241 710 2285; x_wconf 84' lang='lat' dir='ltr'>(Raetiae</span> <span class='ocrx_word' id='word_1_290' title='bbox 746 2239 918 2293; x_wconf 85' lang='lat' dir='ltr'>oppid.)</span> <span class='ocrx_word' id='word_1_291' title='bbox 949 2239 1060 2279; x_wconf 86' lang='lat' dir='ltr'>Ptol.</span> <span class='ocrx_word' id='word_1_292' title='bbox 1101 2240 1444 2292; x_wconf 82' lang='lat' dir='ltr'>Praeponderant</span> <span class='ocrx_word' id='word_1_293' title='bbox 1479 2246 1526 2279; x_wconf 90' lang='lat' dir='ltr'>ut</span> <span class='ocrx_word' id='word_1_294' title='bbox 1561 2240 1603 2278; x_wconf 89' lang='grc'>111</span> 
     </span>
     <span class='ocr_line' id='line_1_32' title="bbox 66 2309 1604 2364; baseline -0.001 -14"><span class='ocrx_word' id='word_1_295' title='bbox 66 2310 245 2364; x_wconf 83' lang='lat' dir='ltr'>simplici</span> <span class='ocrx_word' id='word_1_296' title='bbox 275 2310 400 2350; x_wconf 84' lang='lat' dir='ltr'>etiam</span> <span class='ocrx_word' id='word_1_297' title='bbox 427 2311 471 2349; x_wconf 90' lang='grc'>111</span> <span class='ocrx_word' id='word_1_298' title='bbox 501 2310 713 2363; x_wconf 83' lang='lat' dir='ltr'>geminata</span> <span class='ocrx_word' id='word_1_299' title='bbox 740 2309 995 2350; x_wconf 86' lang='lat' dir='ltr'>derivatione</span> <span class='ocrx_word' id='word_1_300' title='bbox 1026 2309 1185 2349; x_wconf 80' lang='lat' dir='ltr'>vocales</span> <span class='ocrx_word' id='word_1_301' title='bbox 1216 2309 1233 2348; x_wconf 63' lang='grc' dir='ltr'>ἰ’</span> <span class='ocrx_word' id='word_1_302' title='bbox 1258 2316 1298 2349; x_wconf 86' lang='lat' dir='ltr'>et</span> <span class='ocrx_word' id='word_1_303' title='bbox 1325 2324 1353 2348; x_wconf 80' lang='lat' dir='ltr'>u</span> <span class='ocrx_word' id='word_1_304' title='bbox 1374 2323 1470 2348; x_wconf 82' lang='lat' dir='ltr'>cum</span> <span class='ocrx_word' id='word_1_305' title='bbox 1491 2309 1604 2362; x_wconf 88' lang='lat' dir='ltr'>prin—</span> 
     </span>
     <span class='ocr_line' id='line_1_33' title="bbox 65 2379 1606 2434; baseline -0.001 -15"><span class='ocrx_word' id='word_1_306' title='bbox 65 2381 153 2434; x_wconf 62' lang='lat' dir='ltr'>cipe</span> <span class='ocrx_word' id='word_1_307' title='bbox 189 2396 239 2426; x_wconf 81' lang='lat' dir='ltr'>a,·</span> <span class='ocrx_word' id='word_1_308' title='bbox 273 2396 292 2419; x_wconf 80' lang='lat' dir='ltr'>e</span> <span class='ocrx_word' id='word_1_309' title='bbox 314 2389 353 2420; x_wconf 88' lang='lat' dir='ltr'>et</span> <span class='ocrx_word' id='word_1_310' title='bbox 376 2396 411 2429; x_wconf 83' lang='lat' dir='ltr'>O,</span> <span class='ocrx_word' id='word_1_311' title='bbox 438 2380 473 2420; x_wconf 83' lang='lat' dir='ltr'>si</span> <span class='ocrx_word' id='word_1_312' title='bbox 504 2388 741 2429; x_wconf 84' lang='lat' dir='ltr'>occurrunt,</span> <span class='ocrx_word' id='word_1_313' title='bbox 767 2381 818 2420; x_wconf 86' lang='lat' dir='ltr'>ab</span> <span class='ocrx_word' id='word_1_314' title='bbox 840 2379 923 2419; x_wconf 88' lang='lat' dir='ltr'>illis</span> <span class='ocrx_word' id='word_1_315' title='bbox 944 2379 1151 2432; x_wconf 85' lang='lat' dir='ltr'>prioribus</span> <span class='ocrx_word' id='word_1_316' title='bbox 1175 2386 1454 2432; x_wconf 79' lang='lat' dir='ltr'>transgressae</span> <span class='ocrx_word' id='word_1_317' title='bbox 1476 2379 1606 2419; x_wconf 79' lang='lat' dir='ltr'>videri</span> 
     </span>
     <span class='ocr_line' id='line_1_34' title="bbox 64 2460 274 2504; baseline 0 -14"><span class='ocrx_word' id='word_1_318' title='bbox 64 2460 274 2504; x_wconf 79' lang='lat' dir='ltr'>poterunt.</span> 
     </span>
    </p>
   </div>
   <div class='ocr_carea' id='block_1_3' title="bbox 176 2656 1604 2712">
    <p class='ocr_par' dir='ltr' id='par_1_3' title="bbox 176 2656 1604 2712">
     <span class='ocr_line' id='line_1_35' title="bbox 176 2656 1604 2712; baseline -0.003 -15"><span class='ocrx_word' id='word_1_319' title='bbox 176 2659 473 2699; x_wconf 63' lang='lat' dir='ltr'>Hiberniva</span> <span class='ocrx_word' id='word_1_320' title='bbox 511 2667 673 2698; x_wconf 77' lang='lat' dir='ltr'>vetusta</span> <span class='ocrx_word' id='word_1_321' title='bbox 710 2659 901 2712; x_wconf 83' lang='lat' dir='ltr'>exempla</span> <span class='ocrx_word' id='word_1_322' title='bbox 938 2659 1233 2698; x_wconf 55' lang='lat' dir='ltr'>concordantia</span> <span class='ocrx_word' id='word_1_323' title='bbox 1269 2672 1365 2696; x_wconf 71' lang='lat' dir='ltr'>eum</span> <span class='ocrx_word' id='word_1_324' title='bbox 1402 2656 1604 2696; x_wconf 72' lang='lat' dir='ltr'>hat-tenus</span> 
     </span>
    </p>
   </div>
   <div class='ocr_carea' id='block_1_4' title="bbox 63 2729 1597 2851">
    <p class='ocr_par' dir='ltr' id='par_1_4' title="bbox 63 2729 1597 2851">
     <span class='ocr_line' id='line_1_36' title="bbox 63 2729 328 2768; baseline 0.004 -1"><span class='ocrx_word' id='word_1_325' title='bbox 63 2729 328 2768; x_wconf 84' lang='lat' dir='ltr'>enumeratis.</span> 
     </span>
     <span class='ocr_line' id='line_1_37' title="bbox 175 2796 1597 2851; baseline -0.002 -14"><span class='ocrx_word' id='word_1_326' title='bbox 175 2814 216 2843; x_wconf 77' lang='grc' dir='ltr'>α)</span> <span class='ocrx_word' id='word_1_327' title='bbox 250 2799 435 2851; x_wconf 70' lang='lat' dir='ltr'>Simplex</span> <span class='ocrx_word' id='word_1_328' title='bbox 468 2800 499 2838; x_wconf 80' lang='grc'>1.</span> <span class='ocrx_word' id='word_1_329' title='bbox 531 2814 615 2837; x_wconf 81' lang='lat' dir='ltr'>non</span> <span class='ocrx_word' id='word_1_330' title='bbox 648 2799 891 2838; x_wconf 74' lang='lat' dir='ltr'>intermedia</span> <span class='ocrx_word' id='word_1_331' title='bbox 922 2798 1051 2837; x_wconf 61' lang='lat' dir='ltr'>vocali</span> <span class='ocrx_word' id='word_1_332' title='bbox 1084 2798 1135 2836; x_wconf 80' lang='lat' dir='ltr'>ad</span> <span class='ocrx_word' id='word_1_333' title='bbox 1167 2796 1345 2835; x_wconf 67' lang='lat' dir='ltr'>radiwm</span> <span class='ocrx_word' id='word_1_334' title='bbox 1377 2797 1597 2834; x_wconf 58' lang='lat' dir='ltr'>accedens:</span> 
     </span>
    </p>
   </div>
  </div>
 </body>
</html>
