1963 3202
277 119 359 157 944
560 117 641 158 VI.
668 120 707 156 2.
752 128 1048 156 CONsTRucrm
1070 128 1253 156 POETICA
1277 128 1538 156 HIBERNICA.

275 229 453 270 matium
482 229 560 269 hoc
584 229 628 269 S.
655 227 838 269 Patricio
870 227 1142 281 adscriptum,
1169 229 1280 282 quod
1302 243 1323 268 e
1345 229 1485 269 codice
1506 229 1673 282 proprio
1695 244 1826 283 quon-

275 302 373 340 dam
405 299 587 340 Mariani
616 298 729 339 Scoti
763 297 887 350 (obiit
915 313 953 338 a.
983 299 1109 351 1088)
1141 313 1255 338 nunc
1285 299 1564 339 bibliothecae
1596 299 1826 340 vaticanae

275 371 320 411 in
352 370 586 411 imitatione
615 369 845 422 scripturae
874 367 1026 408 codicis
1056 367 1188 422 ipsius
1217 368 1371 422 legitur
1397 384 1464 423 ap.
1491 370 1628 410 Pertz.
1654 370 1699 410 in
1721 377 1822 412 tom.

276 442 365 483 VII
388 449 429 481 et
451 440 594 480 tabula
615 438 757 479 addita
777 439 829 478 ad
850 452 892 492 p.
920 441 994 477 481
1016 453 1024 477 :

445 523 486 558 ol
497 525 640 569 pa'troec

331 591 370 627 A
397 586 401 642 Ι
430 589 547 637 ὂν·ι’9ι”ί
568 587 851 625 cmo'ebelmllech
875 584 888 640 ΙΙ
912 602 933 624 α
959 584 966 640 Ι
994 588 1078 625 bre'o
1100 588 1158 625 0'2‘7·
1179 588 1395 626 donadeseb

333 658 453 694 tric—7000
481 655 486 707 Ι
515 656 667 693 ὂῖὶἁῑῐίιη
684 655 928 703 qenehre'dem
952 652 964 708 ΙΙ
997 653 1001 708 Ι
1028 655 1191 693 bemzctch
1214 659 1324 693 bremt
1345 658 1534 694 darmese.

332 723 337 777 Ι
362 725 540 762 Bemzaeh
563 727 673 760 e'remz
696 723 735 759 in
757 723 910 759 eeehdu.
940 719 951 776 ΙΙ
987 723 992 777 Ι
1018 723 1180 760 bemzaela
1203 724 1288 760 ullu
1309 738 1343 760 es
1365 725 1561 761 eonaehtu.

332 790 337 846 Ι
363 793 526 830 bennaeh
552 791 681 840 layum
705 791 743 827 *in
765 791 930 827 cecletan.
959 788 970 843 ΙΙ
995 805 1082 828 (ωας
1109 790 1113 843 Ι
1143 791 1221 828 him
1248 789 1253 843 Ι
1283 792 1445 828 bennam
1457 793 1543 840 firu
1564 778 1731 829 muman.
1748 790 1768 812 *

272 979 445 1021 regnante
471 975 508 1008 in
532 973 695 1008 Temoria
719 984 870 1018 regnum
898 973 1095 1008 Hiberniae
1113 974 1381 1008 Murchiartaeh
1409 986 1486 1008 mac
1510 975 1592 1015 Ere,
1621 972 1821 1007 felicissime

273 1031 396 1067 obiit.''

363 1089 571 1123 Produntur
589 1088 695 1121 etiam
713 1099 834 1121 versus
852 1088 1021 1132 adscripti
1041 1088 1076 1122 S.
1097 1087 1252 1121 Patricio
1270 1087 1307 1120 in
1324 1087 1407 1120 Vita
1425 1087 1461 1121 S.
1481 1087 1631 1121 Deciani
1650 1099 1706 1132 ap.
1729 1086 1819 1120 Boll.

271 1145 344 1180 Jul.
366 1149 397 1187 5,
420 1147 507 1179 602:
540 1143 719 1178 “Sanetus
745 1144 921 1178 Patricius
946 1144 1208 1189 archipontifex
1235 1148 1271 1177 et
1294 1148 1464 1188 patronus
1494 1144 1602 1177 totius
1627 1143 1821 1177 Hiberniae

274 1215 415 1238 versum
441 1206 648 1246 sequentem
674 1201 806 1235 scotica
822 1201 948 1245 lingua
965 1200 1066 1244 quasi
1084 1200 1265 1245 quoddam
1283 1199 1465 1233 oraculum
1482 1200 1641 1245 vigorem
1658 1200 1746 1245 legis
1762 1200 1822 1233 ha-

271 1260 359 1293 bens
378 1259 427 1292 eis
445 1258 613 1292 cantavit.
644 1258 761 1295 Quem
777 1269 919 1291 versum
936 1256 1070 1289 familia
1087 1256 1201 1289 sancti
1216 1256 1323 1290 Albei
1341 1261 1376 1289 et
1393 1256 1526 1290 familia
1544 1256 1655 1290 sancti
1674 1257 1822 1290 Declani

271 1315 466 1349 noluerunt
482 1326 545 1359 pro
560 1326 596 1347 se
613 1314 669 1347 vel
682 1314 881 1359 rhythmice
895 1325 956 1347 seu
969 1313 1113 1346 metrice
1128 1313 1163 1346 in
1177 1313 1346 1346 Latinum
1360 1313 1462 1346 verti.
1487 1313 1537 1346 Et
1547 1313 1613 1358 maj
1620 1313 1689 1346 oris
1702 1318 1820 1346 aucto-

271 1372 386 1406 ritatis
412 1371 444 1405 ei
469 1371 713 1405 conciliandae
740 1371 855 1415 gratia
882 1370 983 1403 illum
1009 1369 1151 1415 proprio
1180 1374 1215 1402 et
1240 1369 1409 1414 genuinO,
1431 1382 1500 1414 quo
1518 1369 1769 1415 pronuntiatus
1787 1374 1822 1403 et

272 1428 488 1474 compositus
514 1434 567 1461 est
593 1439 612 1461 a
639 1432 761 1461 sancto
779 1427 946 1467 Patricio,
968 1426 1136 1459 idiomate
1161 1437 1224 1470 pro
1251 1426 1427 1470 dignitate
1453 1426 1673 1471 proferemus
1697 1426 1733 1460 in
1750 1437 1820 1459 me-

272 1485 383 1519 dium.
418 1485 475 1519 Ita
492 1485 604 1530 igitur
620 1485 750 1518 scotice
768 1484 914 1530 ponitur
932 1483 990 1516 ille
1008 1494 1149 1517 versus:

491 1552 619 1586 Az'lbhe
636 1553 757 1585 umhal
772 1550 932 1595 Padrm'y
950 1551 1148 1584 Mecomhan
1166 1562 1219 1583 mo
1235 1551 1411 1595 {juchrutlz

490 1609 628 1642 Declan.
645 1607 805 1653 Padmiq
823 1621 868 1641 ua
888 1607 1012 1648 ›tDesz',
1033 1619 1079 1640 ml
1096 1606 1188 1640 Desz'
1203 1619 1246 1651 ag)
1264 1608 1400 1641 Declan
1418 1620 1462 1652 9⁰
1483 1608 1599 1641 brath.

271 1678 314 1712 In
341 1688 411 1723 quo
437 1677 619 1711 decretum
645 1681 709 1717 est,
738 1682 779 1710 ut
804 1676 940 1710 Albeus
965 1675 1142 1709 secundus
1169 1675 1343 1709 Patricius
1370 1680 1405 1709 et
1423 1676 1627 1709 Momoniae
1650 1679 1819 1721 patronus

271 1740 376 1776 esset,
398 1739 433 1768 et
457 1733 639 1768 Declanus
666 1733 845 1767 secundus
868 1732 1046 1766 Patricius
1072 1736 1107 1765 et
1130 1737 1302 1776 patronus
1330 1736 1423 1765 esset
1443 1731 1646 1772 Desierum,
1668 1736 1703 1765 et
1718 1730 1819 1765 Desii

271 1803 333 1825 sua
353 1791 524 1825 dioecesis
543 1794 661 1824 essent
678 1801 792 1834 usque
810 1789 854 1822 ad
872 1788 978 1822 finem
996 1786 1163 1822 saeculi.''
1193 1788 1286 1822 Sunt
1298 1788 1349 1821 ita
1363 1788 1517 1822 desumti
1530 1800 1652 1822 versus
1667 1799 1685 1821 e
1699 1787 1818 1821 codice

271 1847 414 1891 collegii
433 1847 468 1880 S.
488 1846 618 1880 Isidori
636 1846 784 1886 Romae,
806 1846 868 1879 sed
890 1850 993 1878 notat
1018 1845 1143 1885 editor,
1164 1844 1270 1889 paulo
1288 1844 1390 1878 aliter
1415 1844 1486 1889 legi
1503 1856 1563 1878 eos
1580 1844 1675 1890 apud
1693 1843 1819 1888 Colga-

270 1904 370 1936 nium
398 1909 433 1937 et
452 1903 645 1937 Usserium.
681 1902 823 1935 Horum
849 1913 956 1946 opera
980 1913 1059 1934 cum
1083 1901 1171 1934 mihi
1198 1905 1338 1945 praesto
1364 1912 1437 1933 non
1457 1901 1546 1942 sint,
1566 1901 1716 1934 restituo
1739 1911 1817 1933 mco

269 1960 416 1993 arbitrio
435 1960 505 1993 ita:

506 2008 511 2050 Ι
530 2015 634 2048 Ailbe
654 2017 657 2057 Ι
680 2016 776 2048 umal
792 2008 795 2052 Ι
817 2013 977 2058 olpcitrz'c
996 2014 1005 2057 ΙΙ
1017 2013 1138 2058 pcitric
1156 2026 1297 2047 muman
1314 2026 1368 2046 mo
1387 2014 1392 2056 Ι
1412 2013 1568 2052 coloruth

508 2072 512 2111 Ι
531 2071 651 2104 ἅθθίαη,
662 2069 782 2114 pcitric
799 2070 958 2115 nanldese
976 2070 986 2115 ΙΙ
1005 2069 1131 2111 inldesz‘
1145 2082 1183 2102 oc
1202 2069 1207 2110 Ι
1227 2070 1346 2102 dedan
1363 2069 1522 2123 eoblruth.

328 2150 484 2185 “Albius
500 2149 657 2190 humilis,
679 2149 766 2182 dicit
783 2149 969 2189 Patricius,
990 2148 1036 2181 sit
1054 2147 1228 2181 Patricius
1246 2147 1451 2180 Momoniae
1468 2158 1567 2180 meus
1586 2147 1754 2192 aequalis,

330 2207 511 2242 Declanus
530 2206 704 2239 Patricius
723 2205 924 2245 Desiorum,
947 2205 1018 2238 sint
1035 2204 1134 2238 Desii
1152 2215 1232 2237 cum
1249 2203 1407 2237 Deelano
1425 2203 1461 2236 in
1479 2201 1725 2248 perpetuun1.”

365 2276 434 2309 Est
450 2275 544 2308 enim
562 2274 646 2307 item
664 2278 816 2306 metrum
835 2278 969 2318 septem
987 2271 1214 2316 syllabarum.
1248 2271 1411 2312 Com-ath,
1427 2271 1585 2316 ejusdem
1603 2270 1747 2310 formae,
1761 2281 1816 2304 ae-

272 2333 399 2378 qualis,
429 2336 470 2364 ut
492 2330 668 2371 socho-ath,
689 2330 803 2362 bonae
831 2329 975 2369 formae,
997 2328 1180 2361 honestus.
1216 2328 1258 2361 In
1284 2332 1462 2372 postremo
1491 2327 1649 2360 membro
1677 2327 1714 2360 in
1738 2327 1816 2360 loco

271 2388 384 2423 v'mlesi
405 2400 443 2422 oc
470 2387 608 2421 vocales
632 2386 679 2419 ²20
706 2386 919 2425 coalescunt,
941 2390 1003 2418 aut
1028 2389 1112 2417 sunt
1135 2384 1213 2417 loco
1238 2384 1345 2417 unius
1364 2384 1454 2417 duae
1471 2384 1617 2417 minoris
1636 2388 1813 2424 accentus,

271 2450 312 2480 ut
329 2446 365 2479 in
385 2444 639 2479 Benedictione
657 2443 693 2476 in
712 2442 864 2475 bennaelz
884 2442 1009 2474 altu-es
1027 2442 1152 2474 conaeh
1161 2444 1207 2473 tac.

362 2503 378 2519 ³*
403 2499 669 2545 orthographia
689 2499 745 2532 hic
764 2510 905 2543 quoque
923 2497 1089 2541 congruit
1105 2509 1184 2530 cum
1203 2501 1317 2530 aetate
1335 2497 1478 2538 codicis,
1500 2508 1530 2530 e.
1551 2509 1603 2541 gr.
1625 2497 1815 2530 destitutae

268 2571 291 2604 ῃ
310 2564 345 2592 et
362 2558 385 2591 cl
400 2558 435 2591 in
451 2569 516 2601 (len
536 2556 704 2596 chre'dem,
725 2555 761 2588 in
780 2566 850 2599 quo
869 2559 922 2587 est
940 2554 1043 2587 etiam
1064 2554 1138 2598 jam
1157 2553 1319 2586 flexionis
1337 2553 1524 2597 neglectio,
1547 2565 1626 2586 cum
1645 2553 1817 2587 vetustior

272 2616 396 2660 lingua
420 2615 487 2647 hoc
505 2613 659 2659 proferat
676 2624 735 2645 cen
753 2610 895 2644 clardtz'm
918 2610 965 2654 (p.
987 2610 1064 2654 262)
1086 2621 1103 2642 e
1122 2611 1257 2650 erarem,
1278 2621 1359 2653 gen.
1381 2609 1541 2645 erez'z‘mc:
1560 2610 1644 2643 item
1663 2609 1710 2650 in,
1732 2609 1814 2642 scri-

270 2678 371 2717 ptum
388 2670 403 2703 i
419 2682 497 2704 cum
517 2670 621 2710 linea,
636 2673 717 2701 ante
735 2680 752 2701 c
769 2668 805 2701 in
823 2666 857 2700 ‘in
873 2666 1010 2707 cechdzb,
1024 2665 1138 2699 inec-eh
1146 2670 1216 2706 lan,
1230 2666 1316 2698 utin
1328 2665 1362 2698 in
1378 2665 1489 2698 tmie'th
1502 2666 1538 2698 in
1551 2666 1670 2698 codice
1679 2665 1715 2698 N
1717 2665 1810 2704 eob.‚

270 2728 333 2761 ubi
351 2731 490 2761 vetusta
508 2726 632 2771 lingua
648 2724 806 2771 postulat
822 2722 879 2764 ie„
892 2722 932 2756 it.
960 2723 1108 2756 Formae
1120 2734 1224 2767 porro
1238 2721 1451 2755 recentiores
1469 2733 1487 2754 a
1501 2721 1671 2764 scriptore
1683 2720 1814 2753 codicis

270 2789 355 2817 sunt
379 2783 467 2815 dona
491 2783 662 2816 articulus
681 2781 789 2815 dativi
808 2780 898 2825 plur.
920 2792 982 2825 pro
1000 2779 1137 2818 donam,
1161 2778 1324 2818 bmmaelz,
1346 2788 1407 2821 pro
1427 2788 1496 2821 quo
1514 2783 1567 2809 est
1586 2776 1736 2809 bendach
1753 2775 1812 2808 ad-

268 2841 339 2874 hue
366 2840 402 2873 in
421 2839 518 2879 Wb„
542 2843 796 2872 traussumtum
814 2837 874 2871 lat.
897 2835 1100 2870 benedicere.
1138 2834 1327 2867 Contracta
1345 2838 1461 2866 tamen
1481 2833 1591 2865 forma
1609 2844 1642 2865 es
1660 2832 1812 2877 particu—
