1963 3202
219 89 300 129 828
453 91 507 132 V.
534 94 572 131 2.
611 105 872 134 COMPOSITIO
894 106 1142 135 HIBERNicA
1163 106 1525 135 PARTICULARUM.

219 210 305 242 tarn
334 217 357 243 a
386 204 520 257 po'etis
550 220 676 259 quam
706 221 731 246 a
751 205 842 246 sine
865 213 998 247 metro
1020 206 1314 256 scribentibus,
1340 205 1408 246 hic
1431 206 1555 246 homo
1578 212 1619 246 et
1640 206 1764 247 homo

217 271 304 326 hic)
329 273 401 327 Sg,
430 277 541 314 215³.
584 276 661 315 Est
683 275 834 329 juncta
862 276 1011 317 saltem
1039 292 1121 318 vox
1149 277 1243 318 edin
1273 276 1466 330 sequenti
1486 277 1611 317 verbo
1632 276 1677 317 in
1699 291 1763 317 00·

217 342 394 383 dicibus.
440 344 550 385 Item
570 345 807 386 nm‘etam‘eo
828 348 888 400 (p.
916 349 1031 400 826),
1057 347 1092 387 si
1112 349 1286 387 verbum
1307 354 1384 387 est.

336 419 373 452 7.
415 414 662 455 Numeralia
692 429 789 456 cum
819 417 1094 458 substantivis
1124 418 1190 458 vel
1212 416 1426 471 adjectivis
1449 415 1692 470 composita,
1718 420 1773 457 ut'

218 482 273 523 sit
300 483 530 524 formarum
561 486 789 526 eorundem
819 488 964 527 eodem
991 487 1081 528 loco
1112 502 1222 529 unus
1245 493 1507 541 conspectus,
1528 485 1618 540 jam
1639 500 1765 540 supra

218 561 462 595 enumerata
482 562 583 596 sunt
605 558 664 610 (p.
693 560 770 596 308
790 559 890 610 sq.).

466 735 516 774 B.
571 735 888 777 Pronomina
928 744 977 777 et
1007 739 1167 778 verba
1198 737 1512 791 composita.

332 856 444 896 Sunt
472 857 627 898 rariora
655 858 771 899 haec.
817 860 1074 901 Pronomina
1101 861 1336 915 personalia
1366 860 1611 914 emphaseos
1640 854 1764 900 causa

217 940 359 966 secum
381 928 611 982 composita
632 936 732 970 sunt
752 930 902 979 misni,
927 930 1027 971 sissi
1046 932 1105 985 (p.
1130 933 1244 984 333),
1267 930 1614 985 componiturque
1637 930 1764 970 etiam

216 1010 337 1049 pron.
363 997 445 1051 adj.
477 998 558 1039 aile
579 999 724 1051 (alius)
749 1007 834 1040 tam
855 1015 997 1040 secum
1019 1015 1145 1054 quarn
1166 1015 1261 1041 cum
1283 1000 1580 1041 substantivis:
1617 1000 1759 1049 alaile,

216 1065 475 1108 indalarann
492 1076 589 1118 etc.,
611 1084 790 1123 quorum
807 1070 1000 1123 exempla
1015 1070 1125 1110 inter
1140 1070 1389 1124 pronomina
1405 1078 1649 1111 enumerata
1665 1078 1766 1110 sunt

217 1138 277 1190 (p.
307 1141 401 1177 364.
430 1141 544 1191 365).
590 1140 883 1193 Compositum
913 1139 1015 1180 item
1034 1140 1342 1194 perhibendum
1363 1147 1426 1180 est
1446 1155 1676 1194 pronomen
1686 1140 1765 1194 fa-

216 1207 349 1256 desim,
363 1208 508 1262 fessz'n
531 1208 637 1262 (ipse
647 1226 658 1258 3
685 1210 736 1249 cf.
762 1225 804 1263 p.
833 1214 881 1249 37
890 1212 948 1258 2).

329 1278 517 1318 Verbum
535 1293 621 1319 non
639 1294 735 1320 cum
751 1281 875 1320 verbo
892 1280 1170 1334 componitur,
1192 1282 1263 1321 sed
1280 1295 1376 1321 cum
1393 1280 1578 1321 nomine.
1613 1281 1765 1321 Exem-

215 1347 335 1399 plum
357 1347 642 1389 hibernicum:
676 1350 874 1391 ithemaz'r
896 1351 1059 1404 (edaces
1073 1367 1084 1399 3
1110 1352 1223 1391 verb.
1249 1351 1385 1401 itln‘m,
1410 1351 1468 1404 gl.
1493 1352 1661 1401 mando,
1688 1351 1761 1405 Sg.

215 1423 257 1456 et
278 1416 360 1471 adj.
385 1420 497 1471 meir)
522 1420 621 1460 Wb.
650 1418 734 1459 311’.

593 1603 642 1643 C.
688 1602 1010 1644 Particulae
1040 1603 1385 1658 compositae.

332 1726 443 1766 Sunt
490 1726 791 1780 frequentiores
832 1727 1027 1768 omnibus
1069 1727 1161 1768 aliis
1202 1727 1458 1781 compositis.
1526 1720 1766 1769 Occurrunt

216 1797 421 1849 quaedam
444 1797 615 1837 nonnisi
636 1798 681 1838 in
703 1798 1018 1852 compositione,
1044 1798 1148 1838 aliae
1170 1805 1313 1838 autem
1333 1813 1419 1838 non
1442 1799 1576 1838 solum
1599 1814 1764 1853 compo-

216 1866 319 1906 sitae
341 1868 413 1906 sed
435 1867 561 1907 ctiam
583 1875 700 1908 extra
722 1869 1067 1922 compositionem
1088 1876 1314 1922 separatae.
1349 1868 1469 1917 Illae,
1491 1883 1596 1921 quae
1618 1869 1763 1909 dicun-

218 1943 285 1975 tur
303 1935 616 1990 inseparabiles,
638 1938 715 1979 hoc
733 1940 903 1979 demum
919 1939 1009 1979 loco
1028 1940 1334 1979 enumerandae
1352 1939 1542 1979 veniunt.
1588 1939 1762 1991 Separa-

216 2006 366 2046 bilium
395 2007 711 2060 particularum,
744 2023 818 2048 seu
848 2009 1219 2062 praepositionum,
1246 2023 1351 2062 quae
1373 2009 1463 2062 jam
1496 2015 1762 2048 enumeratae

216 2082 331 2124 sunt,
356 2076 434 2116 hoc
458 2077 548 2117 loco
570 2077 724 2118 formae
745 2085 818 2118 aut
840 2078 993 2118 iterum
1014 2080 1196 2127 eaedem,
1224 2078 1259 2118 si
1280 2085 1512 2127 servantur,
1537 2086 1611 2119 aut
1632 2078 1761 2118 varia-

217 2153 298 2196 tae,
324 2146 368 2185 in
391 2161 492 2200 quas
516 2154 735 2188 transeunt
757 2148 922 2202 saepius
945 2148 989 2188 in
1010 2148 1324 2203 compositione,
1350 2150 1622 2203 exponendae
1644 2155 1758 2188 sunt.

217 2216 286 2256 Fit
312 2216 462 2257 harum
492 2218 682 2258 omnium
712 2219 958 2272 compositio
987 2226 1074 2259 tam
1104 2232 1200 2259 cum
1228 2219 1412 2269 nomine,
1439 2218 1701 2260 substantivo
1723 2226 1763 2258 et

217 2286 435 2340 adjectivo,
463 2303 589 2342 quam
610 2304 706 2329 cum
728 2290 866 2329 verbo.

565 2471 601 2510 I.
648 2469 967 2511 Particulae
998 2471 1411 2525 inseparabiles.

332 2595 517 2634 Possunt
537 2594 714 2635 discerni
736 2594 964 2648 particulae
980 2594 1223 2648 privativae,
1243 2594 1472 2649 particulae
1490 2594 1703 2648 qualitatis
1722 2600 1762 2634 et

218 2664 463 2705 intensivae.
517 2665 753 2706 Privativae
785 2665 1015 2719 particulae
1046 2665 1286 2718 exemplum
1317 2672 1532 2705 vetustum
1561 2664 1761 2719 gallicum

218 2733 328 2773 sistit
357 2749 510 2775 nomen
532 2735 745 2776 Ancalites
768 2737 907 2784 Caes,
933 2735 967 2775 si
998 2736 1208 2776 confertur
1240 2750 1393 2775 nomen
1415 2735 1579 2776 Caletes
1603 2735 1673 2787 (cf.
1699 2749 1760 2775 ar-

217 2817 319 2843 mor.
355 2803 452 2844 hod.
478 2804 604 2855 halet,
639 2806 776 2859 lccdcd,
814 2807 958 2856 durus,
993 2807 1153 2855 firmus,
1188 2806 1342 2846 cambr.
1376 2806 1473 2846 hod.
1509 2805 1642 2852 caled,
1676 2811 1756 2843 vet.
