1963 3202
251 144 303 183 V.
335 148 369 182 1.
414 153 653 182 DERIVATIO
675 152 856 180 GALLICA
880 153 932 180 ET
954 152 1198 180 HIBERNICA
1220 152 1477 179 MEmARuM.
1571 139 1649 177 753

210 254 250 305 b)
291 253 571 293 Praemittens
601 251 762 291 vocales
790 258 1013 303 correptas.
1058 250 1159 289 AD:
1196 249 1378 289 Orcades
1412 249 1636 289 Claudian.

99 324 163 362 IV
185 323 340 361 consol.
375 324 538 362 Honor.
568 324 634 359 32.
666 314 879 373 ’Όρκαὸες
907 322 1088 373 (νῆσοι),
1118 315 1342 359 Ὠταδιιόί
1371 320 1485 371 (pop.
1512 318 1639 369 Brit.)

98 392 211 432 Ptol.
258 393 357 431 ED:
394 391 535 430 esseda
563 388 714 441 Virgil.
743 391 931 442 Propert.
959 392 1018 441 (p.
1052 392 1139 440 11),
1174 390 1366 428 essedum
1398 389 1517 427 Caes.
1558 388 1638 426 Ta-

98 462 344 500 ruessedum
375 460 506 509 (locus
534 458 641 498 circa
670 458 809 497 lacum
839 459 1105 509 Comensem)
1130 459 1233 497 Tab.
1261 459 1330 506 Ρ.,
1368 458 1639 496 Manduesse-

102 532 203 569 dum
222 531 353 580 (locus
371 529 498 580 Brit.)
516 528 618 567 Itin.
639 528 742 566 Ant.
761 528 925 567 Voreda
943 527 1038 578 (loc.
1057 527 1185 579 Brit.)
1205 527 1306 567 Itin.
1322 528 1424 566 Ant.
1441 527 1641 565 Tenedon

101 599 223 650 (circa
242 599 381 637 Rhcn.
403 597 626 650 superior.)
644 597 748 636 Tab.
770 596 820 635 P.
857 596 1051 636 Secunda
1069 596 1340 636 Sembedonis
1358 596 1417 635 fil.
1439 595 1636 648 Inscript.

99 668 228 707 Orell.
257 670 350 705 204.
397 668 484 706 ID:
520 666 705 705 Druidae
733 666 894 704 Lucan.
924 669 960 712 1,
988 670 1083 704 451.
1108 666 1269 705 Auson.
1301 666 1474 719 profess.
1501 670 1540 704 4.
1570 670 1634 703 10.

96 736 283 776 Ravidus
314 735 383 787 (ef.
409 736 632 786 Ravenna)
656 734 813 774 Catull.
840 738 907 772 40.
954 734 1097 773 Sabidi
1126 734 1362 785 (Sabidius,
1395 748 1507 774 nom.
1533 734 1634 781 viri;

97 806 147 845 cf.
182 805 300 845 Sabis
330 806 373 844 fi.
406 811 447 844 et
475 804 629 843 cambr.
664 804 797 857 sejfyll
823 822 879 836 =
907 803 1075 851 sab-ill,
1112 805 1237 854 stare)
1271 803 1456 843 Martial.
1487 809 1531 851 1,
1568 807 1633 842 33.

96 875 273 928 Epidius
299 875 473 914 Sueton.
498 886 673 925 gramm.
701 878 738 911 5.
780 868 977 912 'Em'dmv
1000 867 1162 925 (ἄκρον,
1187 872 1316 924 Brit.)
1340 872 1450 912 Ptol.
1495 872 1637 911 Trevi-

97 947 179 984 don
211 945 356 984 Sidon.
389 957 515 982 earm.
553 945 618 981 24.
674 942 778 981 OD:
816 941 1020 981 Losodica
1051 941 1177 993 (circa
1208 942 1378 980 Danub.
1413 941 1636 994 superior.)

97 1016 199 1053 Tab.
226 1015 276 1053 P.
303 1012 576 1053 Losodienses
597 1011 692 1050 Act.
719 1011 796 1050 SS.
824 1011 988 1050 Mabill.
1014 1026 1119 1050 saec.
1143 1015 1181 1050 3.
1207 1015 1242 1059 1,
1267 1015 1361 1050 686.
1386 1010 1431 1049 in
1453 1011 1542 1049 loco
1565 1010 1637 1049 Sa-

96 1085 208 1131 rodo,
243 1083 345 1135 dipl.
381 1096 417 1121 a.
447 1084 548 1128 766,
586 1080 750 1119 Mabill.
785 1095 827 1133 p.
853 1085 949 1119 495.
995 1081 1101 1120 UD:
1137 1080 1329 1120 Abudius
1361 1083 1498 1131 (nom.
1533 1080 1637 1131 viri)

97 1154 194 1192 Tac.
230 1153 344 1192 Ann.
373 1156 420 1198 6,
448 1155 513 1189 30.
558 1149 823 1189 Abudiacum
853 1151 1003 1201 (Raet.
1037 1150 1143 1202 loc.)
1177 1151 1281 1189 Tab.
1308 1151 1358 1189 P.
1403 1150 1636 1189 Haebudae

97 1222 295 1273 (insulae)
320 1213 645 1270 P1i11.''E,=3’02·<5cc
669 1219 793 1269 (duae
824 1218 986 1258 insulae
1015 1219 1104 1272 ejus
1134 1219 1332 1268 nominis,
1368 1220 1479 1258 unde
1511 1219 1637 1258 etiam

96 1299 252 1331 ceterae
274 1288 611 1341 circumjacentes
622 1281 834 1339 '‘Essovdm
855 1290 996 1343 νῆσοι)
1018 1289 1132 1328 Ptol.

208 1362 246 1411 c)
276 1358 451 1399 Yocales
480 1358 702 1410 productas
732 1371 787 1396 an
814 1356 1073 1409 praemiserit
1095 1357 1126 1396 cl
1143 1357 1349 1406 derivans,
1375 1358 1565 1398 dubitare
1587 1359 1636 1398 li·

95 1437 173 1469 cet.
212 1429 287 1468 Est
309 1427 477 1480 quidem
499 1442 519 1465 e
539 1426 742 1479 producta
762 1426 874 1477 apud
894 1428 1035 1478 poetas
1057 1425 1103 1465 in
1124 1427 1293 1466 nomine
1310 1428 1543 1476 Caledonii,
1565 1430 1636 1468 sed

96 1498 221 1538 etiam
243 1497 287 1536 in
303 1496 546 1543 Aremorici,
568 1495 612 1534 in
634 1509 715 1547 quo
738 1509 757 1533 e
777 1494 840 1533 vel
858 1494 875 1534 κ’
889 1495 1059 1534 nonnisi
1076 1503 1262 1548 correpta
1279 1497 1464 1537 obtinere
1481 1505 1632 1551 potest,

95 1568 206 1620 apud
238 1567 417 1614 cosdem,
444 1565 515 1617 qui
544 1565 653 1604 inter
683 1564 843 1603 vocales
874 1571 1081 1617 correptas
1112 1565 1290 1605 nimium
1320 1567 1474 1606 multas
1506 1581 1635 1607 unam

94 1637 381 1689 produxerunt
405 1635 475 1686 (cf.
502 1649 543 1686 p.
570 1639 609 1682 4,
634 1636 760 1684 not.).
805 1634 895 1673 Nec
923 1634 1026 1673 fides
1058 1649 1219 1686 semper
1240 1635 1432 1674 habenda
1453 1643 1514 1675 est
1537 1638 1635 1676 Pto—

95 1705 240 1745 lemaei
263 1703 572 1757 scriptionibus,
595 1703 662 1742 cui
684 1703 784 1742 item
807 1702 974 1755 quidem
996 1712 1058 1742 est
1076 1702 1351 1758 Καληδόνιος
1368 1703 1540 1758 δρυμός,
1561 1707 1634 1745 sed

97 1774 220 1813 etiam
252 1769 453 1827 Οἰῆκτις,
485 1774 708 1826 Νεμῆται,
739 1772 943 1826 Δῃμῆται
973 1780 1117 1811 contra
1146 1774 1310 1825 regulas
1343 1788 1540 1813 sonorum
1571 1777 1630 1828 (p.

101 1848 176 1881 10«)
192 1858 212 1883 ›.
251 1843 358 1881 Sunt
380 1850 520 1881 autem
542 1840 731 1893 exempla
753 1841 955 1892 quaedam
972 1841 1239 1881 derivationis
1257 1856 1353 1881 cum
1370 1843 1633 1897 diphthongo

96 1912 241 1951 AL’D:
283 1912 505 1963 Bagaudae
538 1911 855 1963 (praedatores)
885 1911 996 1963 apud
1027 1910 1167 1963 plures
1198 1911 1417 1964 scriptores
1448 1920 1629 1953 veteres:

97 1982 271 2033 Eutrop.
297 1980 440 2019 Aurel.
467 1980 577 2020 Vict.
613 1981 792 2019 Eumen.
820 1979 1004 2019 Salvian.
1031 1979 1186 2018 Zosim.
1202 1979 1221 1999 ³¹⁶
1243 1980 1454 2032 Sapaudia
1476 1983 1632 2033 (recen-

95 2050 176 2089 tius
207 2050 373 2100 Savoia)
394 2049 606 2088 Ammian.
636 2054 700 2097 15,
730 2053 793 2087 11.
818 2048 956 2087 Notit.
982 2048 1097 2100 dign.
1134 2049 1317 2088 Ennodii
1338 2050 1426 2089 Vit.
1463 2051 1506 2090 S.
1534 2052 1631 2104 Epi-

93 2119 260 2172 phanii,
295 2119 403 2157 Boll.
429 2119 526 2157 Jan.
554 2123 592 2166 2,
621 2122 715 2157 375.
761 2118 996 2170 sapaudus,
1033 2117 1252 2158 Sabaudus
1285 2120 1417 2169 (nom.
1450 2120 1544 2172 viri)
1568 2121 1632 2161 Si-

94 2189 190 2227 don.
212 2188 331 2240 epist.
355 2193 393 2235 5,
419 2192 482 2227 10.
508 2187 681 2239 Gregor.
703 2188 805 2226 Tur.
828 2191 867 2235 4,
890 2190 956 2225 30.
981 2186 1067 2225 avis
1088 2187 1239 2238 gallico
1259 2189 1459 2228 vocabulo
1481 2190 1632 2230 alauda

96 2257 226 2305 Plin„
244 2256 464 2297 Olloudius
479 2257 674 2309 Inscript.
693 2258 766 2307 (=
782 2256 963 2304 -audius‚
979 2270 1020 2309 p.
1039 2260 1122 2307 35).
1150 2256 1384 2297 Referenda
1405 2257 1487 2298 huc
1505 2259 1629 2299 etiam

96 2327 290 2366 videntur
316 2325 506 2365 nomina:
543 2325 793 2377 Apaudulus
826 2325 938 2377 (viri)
968 2327 1108 2364 Amm.
1136 2329 1202 2373 28,
1231 2330 1267 2365 1.
1312 2327 1423 2366 Fons
1452 2328 1628 2368 Bleaudi

187 2438 200 2450 ⁸
225 2436 346 2469 Aurcl.
367 2436 458 2468 vict.
479 2435 522 2468 de
549 2438 645 2468 Caes.
667 2438 729 2468 39:
757 2436 872 2469 exeita
894 2447 1019 2469 manus
1045 2437 1239 2481 agrestium
1263 2449 1302 2471 ae
1328 2438 1516 2479 latronum,
1539 2451 1626 2483 quos

96 2492 286 2535 Bassamlas
305 2491 437 2524 incolae
457 2495 593 2523 vocant.
628 2490 779 2523 Eumen.
800 2492 835 2524 in
854 2503 1022 2537 panegyr.
1043 2498 1112 2525 vet.
1134 2496 1164 2534 3,
1183 2496 1222 2526 4:
1242 2493 1466 2527 latrocinium
1484 2495 1628 2538 Bassan-

95 2547 189 2580 dicae
214 2547 427 2580 rebellioni&
465 2546 647 2579 Salvianus
674 2546 716 2578 de
742 2547 928 2589 gubernat.
950 2548 1005 2580 dei
1024 2548 1084 2581 lib.
1107 2550 1137 2588 5,
1160 2560 1194 2592 p.
1220 2551 1280 2581 159
1302 2550 1357 2582 ed.
1378 2550 1537 2583 Pithoei:
1566 2551 1627 2583 im-

96 2609 258 2647 putamus
284 2614 423 2641 nomcn,
445 2602 539 2645 quod
565 2601 632 2645 ipsi
657 2602 814 2643 fecimus,
836 2608 870 2635 et
893 2614 1058 2636 vocamus
1084 2604 1244 2645 rebelles,
1266 2617 1431 2638 vocamus
1457 2606 1624 2651 perditos,

98 2669 184 2701 quos
209 2670 282 2690 esse
310 2657 543 2701 compulimus
568 2657 785 2690 criminosos.
823 2659 962 2696 Quibus
987 2659 1080 2692 enim
1106 2660 1183 2693 aliis
1204 2660 1309 2693 rebus
1326 2661 1519 2704 Bassamlae
1545 2663 1628 2696 facti

97 2717 191 2752 sunt,
213 2713 278 2745 nisi
303 2713 550 2757 iniquitatibus
569 2713 722 2746 nostris?
748 2714 800 2746 Cf.
821 2714 856 2746 in
876 2715 958 2747 Wb.
981 2716 1061 2748 25¹1:
1083 2728 1151 2747 am.
1172 2716 1278 2747 ‹lole'it
1293 2716 1364 2748 side
1381 2717 1543 2759 cavabat]
1559 2718 1630 2750 ὂάί-

95 2767 180 2809 quil.
205 2793 210 2799 .
234 2793 240 2799 .
263 2768 324 2811 (gl.
356 2769 447 2801 sieut
476 2768 530 2801 sur
556 2769 590 2801 in
624 2775 746 2808 nocte3
773 2770 795 2801 i.
824 2782 854 2802 e.
882 2776 921 2802 ut
945 2770 1041 2803 venit
1069 2771 1126 2804 hic
1153 2772 1197 2804 ad
1221 2772 1426 2815 capiendam
1450 2773 1626 2817 praedam,

99 2834 176 2854 cum
195 2823 289 2866 etc.)‚
310 2824 369 2857 ubi
390 2823 530 2866 Ῐιάίῃηίί,
551 2824 579 2856 si
599 2829 650 2857 est
668 2836 685 2857 c
705 2824 819 2866 bdynl,
840 2826 961 2858 referri
980 2827 1109 2870 poterit
1126 2827 1169 2858 ad
1186 2827 1337 2860 radicem
1358 2827 1423 2870 bdq
1443 2828 1490 2872 (p.
1512 2830 1582 2873 20).

167 2887 247 2910 vol..
270 2879 318 2910 II.
1310 2887 1360 2920 48
