1963 3202
215 110 296 153 808
509 112 563 152 V.
592 116 629 152 1.
674 125 915 154 DERIVATIO
937 125 1210 155 Bm'rANNIcA
1232 126 1457 156 TENUIUM.

223 227 407 280 ficultas)
440 230 479 275 2,
507 229 573 264 51.
606 225 774 266 haam-et
801 226 1077 282 (deformitas)
1101 232 1140 278 2,
1168 233 1263 269 207.
1300 227 1475 283 drycket
1506 229 1703 283 (malitia)
1732 236 1766 280 1,

227 302 323 338 267.
360 296 563 352 byclzanet
593 296 811 349 (parvitas)
836 300 883 346 2,
909 302 976 338 51.
1009 299 1172 340 calettet
1201 298 1411 352 (durities)
1436 303 1484 348 2,
1510 303 1577 339 49.
1606 305 1673 340 51.
1706 315 1771 342 ca-

228 371 379 411 darnet
399 366 611 420 (firmitas)
633 371 669 416 1»,
692 369 787 406 252.
813 366 1099 410 brenkzbzez'det
1115 369 1245 423 (regia
1264 370 1509 424 auctoritas)
1529 373 1568 420 2,
1592 376 1628 410 7.
1663 372 1771 412 Con-

227 438 401 482 structio
423 436 657 477 masculina
677 436 721 476 in
740 437 856 477 Mab.
874 452 882 477 :
908 437 1053 479 herdet
1071 453 1136 494 sesw
1158 439 1283 481 hwmc
1302 441 1520 494 (profectio
1531 457 1542 490 3
1567 440 1649 494 adj.
1670 441 1769 482 hod.

227 510 375 558 eardd,
392 508 529 559 exsul)
546 511 585 556 2,
604 511 670 546 55.
691 522 747 561 yn
764 522 816 562 ψ’
833 507 1034 562 aqherdet
1049 509 1212 550 hwmzw
1225 510 1288 562 (in
1305 511 1531 551 solitudine
1549 511 1649 559 hac3
1671 511 1769 552 hod.

226 580 428 627 eerddecl,
464 577 739 631 anylcerdded
763 592 892 618 masc.
918 578 1037 632 item)
1064 583 1102 628 1,
1129 583 1224 620 266.
1272 580 1384 620 Sunt
1413 580 1540 621 etiam
1569 582 1774 634 quaedam

228 659 317 693 orta
346 665 367 690 e
399 647 674 690 substantivis
706 647 771 687 vel
802 648 953 697 verbis,
977 648 1200 690 formantia
1228 650 1437 704 pluralem
1462 651 1507 690 in
1529 666 1625 692 -0u.·
1656 651 1776 692 cilcet

227 724 302 778 (gl.
329 718 603 771 stratorium),
630 717 830 758 oileketou
853 718 927 772 (gl.
952 719 1068 768 vela3
1093 719 1191 760 hod.
1218 720 1392 776 cylcleed
1410 721 1525 771 fem„
1550 722 1609 776 pl.
1635 737 1723 771 -au,
1749 737 1774 762 a

226 793 360 849 cylclz,
385 790 550 846 eylchu)
572 789 629 842 gl.
656 788 796 829 Oxon.
822 789 1017 829 ematellet
1037 789 1112 843 (gl.
1139 791 1397 844 collegium),
1423 792 1670 848 cuntelletou
1693 792 1768 845 (gl.

226 862 423 917 collegia3
459 859 674 915 cymzlcull,
700 858 960 912 congregari)
982 859 1039 912 gl.
1066 860 1174 900 be.
1218 861 1371 902 Differt
1401 862 1670 917 (Zelehedyon,
1690 863 1773 902 'de-

227 935 399 989 Zeedyon
430 930 604 985 (debita)
635 930 737 983 Leg.
766 932 804 968 2.
833 933 869 969 1.
900 933 947 968 13
982 943 1004 969 e
1027 930 1180 980 deleet,
1215 930 1338 972 hodie
1366 932 1495 987 clyled
1521 932 1622 972 item
1653 932 1770 981 fem.,

223 1006 335 1059 plur.
361 1001 572 1058 dyledz'on.

337 1072 576 1115 Armorica:
617 1070 748 1112 ieehet
778 1069 971 1123 (sanitas)
1003 1070 1116 1110 Buh.
1143 1075 1219 1120 46,
1246 1076 1285 1111 5.
1326 1078 1474 1126 quenet
1503 1072 1774 1125 (formositas)

228 1152 295 1195 38,
319 1150 358 1185 8.
380 1149 448 1193 46,
471 1148 509 1183 6.
532 1146 600 1191 98,
622 1146 690 1181 23.
716 1140 859 1189 eleuet,
879 1139 1020 1194 clqff'et
1036 1141 1241 1193 (morbus)
1263 1145 1357 1190 174,
1383 1146 1420 1181 7.
1447 1145 1539 1191 198,
1558 1147 1596 1181 6.
1631 1141 1773 1182 Hodie

224 1217 381 1265 ieohed,
407 1213 594 1262 klenved,
618 1225 747 1252 masc.

338 1286 499 1326 Eadem
528 1281 728 1323 derivatio
758 1281 803 1321 in
834 1281 990 1320 cambr.
1023 1280 1105 1334 adj.
1138 1281 1246 1322 calet
1276 1282 1448 1334 (durus3
1482 1282 1581 1323 hod.
1616 1283 1770 1336 caled),

225 1358 344 1413 cujus
376 1362 537 1396 servata
569 1352 709 1393 tenuis
741 1351 786 1392 in
807 1366 906 1392 voce
929 1357 1051 1391 aucta
1072 1365 1198 1404 supra
1220 1352 1347 1392 allata
1369 1353 1532 1394 calettet
1551 1353 1776 1407 dupliciter

225 1428 441 1471 scribendo
462 1430 634 1465 notatur
655 1423 888 1463 secundum
908 1421 1179 1475 scriptionem
1195 1421 1519 1475 frequentiorem
1536 1423 1775 1477 duplicatae

223 1516 242 1541 S
264 1502 324 1554 (p.
350 1498 446 1549 141)
469 1508 599 1548 aeque
623 1500 669 1534 ut
690 1493 736 1533 in
758 1492 894 1533 verbis
913 1492 1164 1546 quibusdam
1180 1492 1376 1533 derivatis
1393 1494 1548 1534 cambr.
1570 1494 1770 1543 Hem-atta,

225 1572 418 1612 llatratta
442 1563 722 1619 (latrocinari,
759 1563 858 1604 hod.
886 1563 1091 1617 lladrata)
1115 1563 1231 1602 Mab.
1259 1567 1297 1612 3,
1327 1567 1420 1603 156.
1451 1568 1543 1603 157.
1573 1568 1666 1603 158.
1691 1578 1775 1617 pa-

222 1639 353 1682 rattoi
372 1640 550 1691 (parare,
575 1633 789 1688 expedire)
815 1638 853 1683 3,
881 1637 977 1672 299.
1006 1637 1101 1672 300.
1146 1632 1323 1673 Cornica
1351 1632 1536 1673 derivata
1564 1640 1613 1673 ut
1634 1634 1773 1674 hacte-

225 1725 305 1752 nus
337 1713 582 1749 enumerata
601 1706 812 1746 fluctuant
833 1703 878 1743 in
899 1703 1135 1743 vocalibus:
1169 1703 1302 1743 elevas
1325 1704 1531 1756 (morbus)
1555 1705 1674 1744 Pass.
1702 1707 1770 1752 24,

227 1788 265 1823 3.
294 1780 416 1822 lechas
438 1777 639 1831 (fulmen3
671 1775 779 1816 luvet
798 1774 976 1823 vocab„
1001 1787 1152 1814 armor.
1179 1773 1303 1827 leffet
1321 1773 1435 1814 Buh.
1459 1778 1526 1823 94,
1551 1775 1591 1826 1)
1612 1777 1706 1824 209,
1730 1777 1769 1814 2.

224 1853 338 1907 calys
362 1850 528 1903 (durus)
553 1851 648 1896 209,
677 1851 715 1885 4.

339 1921 401 1960 ΙΤ
430 1920 476 1958 in
507 1915 781 1959 substantivis
811 1914 1056 1954 masculinis
1087 1915 1232 1954 eodem
1258 1915 1383 1954 modo
1404 1921 1453 1954 ut
1475 1919 1544 1954 —et.
1588 1915 1642 1954 In
1663 1928 1773 1953 cam—

223 1991 372 2032 bricis:
407 1990 543 2043 byzcyt
571 1987 693 2040 (vita)
721 1990 756 2034 1,
786 1988 852 2023 30.
881 1988 920 2032 2,
947 1987 1042 2023 216.
1082 1983 1201 2038 rydit
1221 1983 1426 2036 (libertas)
1454 1989 1490 2031 1,
1519 1987 1584 2023 30.
1625 1983 1768 2033 tristit,

225 2061 366 2116 (ἐφ-ἰδίῳ
396 2057 604 2111 (tristitia)
630 2061 666 2105 1,
695 2060 733 2094 5.
764 2058 828 2093 18.
863 2053 1067 2107 kedernyt
1095 2053 1306 2105 (firmitas)
1333 2058 1370 2102 1,
1399 2056 1494 2092 249.
1522 2056 1616 2093 257.
1661 2054 1771 2093 Con·

224 2130 398 2173 structio
428 2129 579 2168 horum
607 2124 841 2179 masculina
869 2122 914 2162 in
936 2123 1079 2162 Mab.:
1114 2136 1246 2162 marm
1273 2137 1320 2162 or
1342 2123 1479 2177 cleetyt
1498 2123 1622 2163 lca-ma
1645 2126 1770 2175 (mor-

224 2210 322 2242 tuus
345 2201 395 2240 ab
416 2199 495 2238 hoc
517 2196 678 2248 morbo)
703 2198 741 2244 2,
766 2198 860 2233 198.
884 2208 910 2247 y
933 2192 1216 2246 lcauarwydyt
1236 2192 1446 2246 (historia)
1467 2197 1506 2241 3,
1528 2197 1624 2232 297.
1661 2193 1772 2233 Sunt

223 2268 459 2311 masculina
480 2267 607 2308 etiam
628 2265 829 2305 hodierna
851 2262 1057 2303 cambrica
1079 2262 1231 2317 bywyd
1251 2262 1390 2315 (vita),
1409 2262 1611 2317 rhyddycl
1630 2262 1772 2313 (liber-

225 2344 305 2393 tas)
328 2348 407 2380 etc.
452 2337 674 2391 Discrepat
704 2335 749 2374 in
777 2347 927 2388 genere
959 2340 999 2372 et
1030 2332 1163 2372 forma
1194 2347 1342 2372 armor.
1376 2332 1475 2372 hod.
1502 2332 1614 2381 buez,
1642 2332 1770 2372 bechez

225 2410 347 2464 (vita)
365 2408 480 2456 fem„
503 2408 574 2448 sed
597 2405 819 2447 concordat
841 2404 984 2451 eleuet,
1007 2402 1183 2442 Mem-ed
1201 2417 1298 2443 cum
1319 2402 1412 2442 aliis
1428 2402 1517 2456 jam
1539 2416 1665 2456 supra
1686 2416 1771 2442 mc-

223 2479 409 2521 moratis.

336 2550 434 2589 LlT
467 2547 582 2600 (hod.
609 2546 736 2601 -llyco
759 2545 929 2585 obvium
959 2543 1228 2584 derivationis
1260 2543 1351 2583 loco
1381 2542 1425 2581 in
1457 2541 1686 2595 adjectivis,
1724 2550 1770 2580 ut

223 2621 310 2660 -eid
330 2621 389 2672 (p.
417 2620 532 2670 804),
558 2616 666 2656 infra
686 2615 796 2656 inter
817 2614 1045 2668 composita
1066 2614 1313 2667 proferetur.

335 2689 426 2737 OT,
453 2688 531 2728 UT
562 2685 736 2726 rariores
762 2685 964 2725 formulae
985 2699 1061 2724 nec
1084 2684 1183 2724 satis
1206 2691 1356 2732 certae,
1382 2696 1418 2722 e.
1443 2696 1505 2735 gr.
1531 2681 1575 2720 in
1598 2681 1764 2720 adverb.

220 2760 373 2800 cambr.
399 2772 513 2797 corn.
540 2756 640 2805 isot,
674 2756 775 2797 issot
801 2756 1055 2807 (deorsum),
1082 2754 1204 2794 uclwt
1235 2755 1441 2806 (sursum,
1475 2751 1630 2791 eambr.
1666 2750 1764 2790 hod.

218 2831 323 2877 isod,
350 2828 502 2878 vadem)
528 2827 642 2867 Mab.
671 2830 709 2876 2,
738 2830 833 2866 200.
859 2825 1035 2873 vocab„
1062 2823 1144 2864 nisi
1175 2831 1263 2864 orta
1294 2822 1448 2863 vocalis
1470 2828 1532 2862 cst
1554 2835 1604 2860 ex
1627 2823 1666 2869 ά,
1694 2835 1763 2867 ceu,
