1963 3202
401 92 480 131 VI.
509 95 546 131 2.
591 104 885 131 cons'rifflc‘rio
908 104 1088 131 POETICA
1112 105 1372 131 nunciux'im.
1557 89 1660 128 *923

231 203 368 256 Magis
398 216 615 255 progressa
641 202 895 250 assonantia,
921 202 1178 255 frequentior
1198 202 1404 255 incipiens
1426 209 1467 242 et
1487 201 1663 254 amplior

119 273 285 322 finiens,
309 272 436 312 etiam
466 272 681 325 trisyllaba
712 271 893 324 saepius,
918 271 1134 311 invenitur
1154 271 1350 325 deinceps
1372 273 1485 325 apud
1505 271 1662 322 Anglo-

120 357 294 384 saxones
324 342 508 382 carmina
529 341 659 381 latine
681 341 924 390 scribentes,
947 342 998 380 ad
1021 355 1138 393 quos,
1165 356 1261 381 cum
1282 341 1476 394 primitus
1498 339 1665 393 propria

119 412 243 453 fuerit
273 411 330 451 eis
361 411 529 451 nonnisi
561 411 735 450 initialis
765 410 1022 459 assonantia,
1054 418 1102 450 ut
1131 411 1277 450 ceteris
1309 408 1583 458 Germanis,*
1614 409 1664 448 ab

119 481 321 522 Hibernis
343 481 444 521 haec
466 481 596 521 forma
618 488 874 533 transgressa
895 481 1084 533 putanda
1104 488 1181 529 cst,
1206 487 1254 520 ut
1277 480 1441 520 transiit
1461 479 1666 532 scriptura

120 559 161 592 et
181 566 245 591 ars
267 551 470 605 pingendi
491 550 652 590 codices
674 557 715 589 et
737 549 928 589 ornandi.
944 549 986 570 ἦέ*

232 619 450 662 Consu-uit
481 634 516 660 e.
541 634 603 673 gr.
628 619 896 667 Aldhelmus,
923 619 1141 660 Saxonum
1165 618 1488 660 occidentalium
1509 618 1664 672 episco-

118 706 197 745 pus
220 690 341 743 (obiit
362 705 399 730 a.
427 693 541 743 709),
567 690 679 743 Opp.
705 690 770 729 ed.
796 689 930 738 Giles,
955 690 1095 730 Oxon.
1125 694 1247 739 1844,
1271 705 1314 743 p.
1345 694 1443 728 111:

208 798 210 848 Ι
237 797 383 834 Summi
410 797 416 846 Ι
443 797 578 834 satoris
607 793 611 849 Ι
639 795 735 833 solia
757 791 770 847 ΙΙ
819 794 823 848 Ι
852 796 951 832 sedit
972 796 1039 844 qui
1059 810 1128 845 per
1149 796 1349 841 cathralz‘cz,

208 863 211 916 Ι
236 866 319 902 Alti
346 862 351 917 Ι
380 865 536 912 Olympi
563 863 568 912 Ι
596 863 743 899 arcibus
766 859 778 915 ΙΙ
828 860 831 914 Ι
860 864 1073 900 obvallatus
1095 864 1317 907 minacibus,

208 930 212 984 Ι
238 935 387 970 Cuncta
413 932 419 980 Ι
446 945 604 968 cernens
632 927 637 983 Ι
665 930 856 967 cacumine
878 927 890 982 ΙΙ
938 927 942 982 Ι
971 931 1165 967 coelorum
1186 942 1336 967 summo
1357 928 1510 966 lumine.

215 1131 230 1146 ⁸
256 1129 407 1163 Initialis
425 1128 629 1162 assonantia
648 1140 727 1162 cum
745 1128 791 1161 sit
809 1128 883 1161 sola
900 1128 1027 1172 copula
1044 1129 1230 1174 utriusque
1247 1128 1407 1169 membri,
1429 1126 1669 1171 contraposita

126 1198 201 1220 esse
219 1186 325 1219 debet
342 1185 436 1230 apud
455 1185 661 1219 Germanos.
692 1185 784 1218 Sunt
802 1184 895 1218 enim
914 1196 1034 1218 versus
1053 1185 1123 1218 duo
1141 1185 1299 1219 membra
1316 1187 1422 1218 etiam
1444 1183 1501 1228 (ob
1520 1182 1668 1216 eandem

123 1242 346 1275 assonantiae
364 1241 725 1285 cori-espomlentiam)
742 1240 837 1285 apud
855 1240 931 1281 hos,
947 1246 981 1274 ct
999 1240 1089 1274 duae
1107 1241 1262 1286 syllabae
1275 1240 1518 1286 praevalentes
1532 1239 1568 1272 in
1583 1250 1668 1283 quo-

124 1298 175 1331 vis
202 1297 372 1331 membro.
408 1297 507 1330 Inter
532 1302 684 1341 quatuor
702 1308 817 1335 voceS,
839 1307 928 1340 quae
947 1296 982 1328 in
1000 1308 1103 1329 versu
1122 1302 1265 1341 portant
1282 1297 1450 1342 majorem
1468 1300 1665 1335 accentum,

124 1354 208 1387 dum
234 1353 388 1398 syllabae
413 1364 532 1385 earum
558 1352 612 1384 rcl
637 1363 763 1385 vocum
782 1352 1027 1385 comitantium
1045 1353 1191 1386 minoris
1209 1358 1374 1386 accentus
1392 1364 1464 1385 non
1482 1362 1669 1385 numeran-

122 1416 192 1449 tur,
211 1408 301 1441 duae
326 1408 450 1441 saltem
475 1407 734 1451 contrapositae
760 1407 797 1440 in
815 1407 956 1441 duobus
974 1409 1139 1442 membris
1157 1409 1361 1442 assonantia
1378 1408 1507 1442 initiali
1525 1412 1669 1441 ornatae

123 1470 220 1504 sunt,
242 1464 369 1497 melius
387 1468 469 1503 tres,
490 1463 545 1497 vel
564 1468 648 1496 sunt
665 1474 786 1496 omnes
805 1468 969 1508 quatuor.
1001 1465 1055 1498 Ea
1072 1470 1249 1498 structura
1267 1476 1347 1498 cum
1364 1465 1459 1509 apud
1478 1464 1670 1497 Scandina-

122 1532 197 1561 vos,
219 1519 357 1564 Anglos
384 1525 418 1552 et
437 1519 632 1552 Germanos
658 1524 770 1551 terrae
797 1520 1012 1553 continentis
1039 1520 1252 1561 inveniatur,
1283 1521 1479 1554 communis
1505 1520 1669 1565 primitus

123 1577 231 1611 fuisse
255 1588 398 1609 necesse
424 1580 477 1608 cst
502 1580 537 1608 et
559 1575 749 1608 statuenda
772 1575 963 1620 primitiva.
999 1578 1168 1610 Attamen
1186 1577 1223 1610 in
1245 1577 1459 1621 quibusdam
1484 1576 1570 1610 locis
1597 1587 1669 1609 car-

123 1633 228 1667 minis
256 1632 298 1665 de
317 1631 565 1665 Hildebrando
587 1631 692 1664 etiam
710 1631 850 1665 finalem
869 1632 1108 1666 assonantiam
1127 1633 1284 1666 ostendit
1302 1633 1552 1667 Lachmannus
1573 1632 1667 1676 (Act.

124 1688 485 1733 historico-philolog.
505 1687 617 1721 Acad.
639 1687 796 1721 Berolin.
816 1699 848 1720 a.
872 1690 970 1730 1333,
991 1701 1025 1734 p.
1050 1690 1148 1734 131):

447 1755 483 1788 in
499 1767 557 1788 sus
579 1759 583 1798 Ι
605 1756 742 1788 he'remo
759 1755 840 1789 man
859 1755 869 1800 ΙΙ
907 1756 913 1800 Ι
934 1755 1052 1789 lzrzistc‘
1062 1756 1255 1800 (siu-innan.

444 1812 505 1845 cler
521 1814 554 1845 εἰ
569 1812 632 1845 doh
653 1823 700 1845 mc
721 1814 725 1853 Ι
747 1813 888 1856 dryosto
908 1813 918 1858 ΙΙ
955 1813 961 1855 Ι
983 1813 1183 1846 ὁδίανίίιιΐο.

439 1869 520 1902 ήηΐί
534 1869 581 1902 im
603 1869 653 1901 iro
675 1873 679 1911 Ι
703 1870 820 1902 llntun
839 1869 850 1915 ΙΙ
887 1870 892 1914 Ι
916 1869 1030 1903 lrittz'lo
1047 1871 1202 1903 wdrtun.

126 1936 195 1971 Sed
213 1948 292 1970 cum
309 1935 483 1970 hibernici
501 1936 663 1970 monachi
682 1936 719 1970 in
737 1937 899 1982 plurimis
919 1937 1129 1971 Germaniae
1143 1938 1367 1972 monasteriis
1381 1938 1571 1979 adfuerint,
1586 1951 1671 1972 num

124 1994 227 2039 pauci
252 1993 304 2026 illi
330 2004 451 2026 versus
478 1992 677 2026 imitatione
706 1993 909 2027 hibernicae
935 1998 1132 2027 structurae
1161 1994 1244 2027 facti
1263 1996 1372 2028 sunt?
1402 1995 1542 2028 Ibidem
1561 1995 1672 2028 Lach-

124 2061 274 2083 mannus
302 2061 320 2082 e
344 2049 497 2082 carmine
523 2048 656 2082 formae
678 2049 878 2094 primitivae
903 2049 1074 2094 inscripto
1089 2048 1305 2094 “aluwini'’
1325 2051 1426 2085 affert
1443 2052 1533 2085 duos
1551 2063 1673 2085 versus

126 2118 204 2140 cum
222 2105 424 2140 assonantia
440 2105 525 2138 item
543 2105 651 2146 finali,
673 2117 825 2150 quorum
843 2107 957 2140 omnis
975 2111 1154 2140 structura
1171 2107 1354 2141 hibernica
1371 2109 1618 2154 cognoscitur:

343 2173 402 2206 de'zc
419 2173 545 2206 marka
561 2173 864 2216 istsarprunnan,
886 2174 896 2219 ΙΙ
915 2174 975 2208 clia
996 2175 1000 2219 Ι
1021 2175 1093 2207 sela
1114 2175 1118 2217 Ι
1139 2177 1207 2208 stet
1219 2175 1441 2220 pz'dvungan,

341 2229 381 2262 πί
399 2231 404 2274 Ι
426 2229 505 2262 wei:
522 2229 587 2262 vmit
603 2229 671 2262 wz'zc
681 2242 818 2274 puoze:
841 2231 850 2276 ΙΙ
868 2243 929 2265 sar
945 2231 1035 2264 verit
1051 2231 1083 2264 εἰ
1098 2243 1137 2264 za
1160 2232 1165 2275 Ι
1186 2231 1283 2264 wize.

126 2298 190 2331 Est
215 2297 365 2342 quodvis
382 2296 580 2330 membrum
598 2301 732 2340 septem
751 2298 978 2342 syllabarum,
1000 2302 1179 2332 structura
1197 2298 1379 2332 hibernica
1397 2299 1499 2332 valde
1518 2298 1668 2339 usitata3

127 2353 329 2387 assonantia
354 2352 468 2386 finalis
493 2352 668 2397 bisyllaba
686 2352 833 2386 dimidia
850 2355 1102 2399 contraposita,
1123 2354 1270 2388 initialis
1288 2355 1489 2388 consociata
1507 2355 1542 2388 in
1561 2355 1673 2399 primo

127 2421 240 2450 versu,
262 2408 502 2453 contraposita
527 2408 563 2441 in
584 2409 753 2442 secundo.
791 2410 924 2443 otfridi
942 2422 1094 2451 carmen,
1116 2411 1211 2455 quod
1229 2411 1382 2455 primum
1400 2423 1503 2445 omne
1522 2412 1673 2456 priscam

128 2465 274 2498 formam
292 2464 495 2509 relinquens
514 2465 754 2498 assonantiam
773 2465 912 2499 finalem
930 2467 1090 2511 adoptat,
1108 2467 1286 2500 interdum
1302 2468 1460 2511 ejusdem
1475 2473 1673 2501 structurae

129 2521 278 2555 disticha
296 2522 408 2561 offert,
430 2521 514 2554 dum
533 2521 569 2554 in
587 2521 664 2554 aliis
683 2522 827 2555 liberior
845 2523 1046 2567 germanica
1063 2523 1232 2568 persistit.

198 2578 230 2593 *⁸
257 2577 376 2621 Hujus
402 2577 618 2610 hibernicam
646 2579 819 2623 originem
845 2580 995 2612 affirmat
1020 2591 1114 2612 nunc
1142 2579 1246 2612 ctiam
1265 2578 1496 2621 Waagonius‚
1518 2578 1570 2610 vir
1597 2579 1673 2623 cjus

129 2633 212 2666 artis
235 2633 271 2666 in
296 2633 418 2678 primis
442 2646 574 2678 gnarus
603 2634 791 2678 (Dcutsch.
818 2635 1053 2675 Kunstblatt,
1087 2638 1138 2668 15.
1168 2636 1275 2668 Mart.
1300 2636 1412 2679 1250),
1449 2635 1675 2668 Concordant

131 2700 218 2733 quac
245 2689 447 2723 doctissime
475 2690 616 2723 disserit
641 2691 684 2724 dc
709 2690 924 2735 imaginibus
950 2695 986 2724 et
1011 2690 1194 2735 scripturis
1224 2691 1385 2723 codicum
1411 2691 1673 2725 hibernicorum

129 2744 295 2778 Kellerus
316 2745 451 2789 (Bilder
478 2758 512 2778 u.
535 2745 757 2789 Schriftzuge
779 2747 815 2780 in
834 2747 902 2780 den
922 2746 1073 2780 irischen
1092 2746 1361 2789 Manuscripten
1381 2745 1442 2780 der
1460 2747 1675 2781 schwcizeri-

131 2800 236 2834 seben
254 2801 520 2835 Bibliotheken.
548 2803 675 2836 zurich
701 2803 813 2846 ism).
