1963 3202
440 81 518 120 VI.
548 84 585 120 2.
631 95 924 121 coNs'rnuc'rio
949 95 1127 122 romam
1153 96 1411 123 HissnnxicA.
1618 84 1699 123 919

153 202 322 234 octonas
344 192 536 246 syllabas.
583 192 839 232 Assonantia
860 193 997 232 finalis
1020 194 1258 247 copulativa
1279 195 1526 235 continuata
1547 210 1567 235 e
1588 211 1697 235 ‹·om-

153 263 377 304 monefacit
408 261 671 302 assonantiae
702 261 971 302 continuatae
1000 263 1298 304 usitatissimae
1327 266 1440 317 apud
1471 265 1697 305 cambricos

153 336 310 387 poetas.
356 332 525 372 Profero
554 332 657 371 duas
686 331 840 384 primas
872 333 1064 386 strophas
1089 334 1220 387 (Opp.
1247 334 1301 373 D.
1327 335 1509 388 August.
1517 366 1529 384 ,
1555 335 1692 387 Lugd.

159 408 278 443 1586.
309 408 346 450 7,
370 416 412 455 p.
441 404 507 454 3):

349 496 600 534 Abundantia
620 500 863 545 pcccatorum
887 493 898 549 Η
923 498 1020 534 solet
1040 499 1174 535 fratres
1197 500 1443 540 conturbare:

292 568 452 614 Propter
471 565 543 601 hoe
566 564 743 600 dominus
765 569 896 600 noster
919 561 931 616 Η
954 566 1075 602 voluit
1096 579 1165 602 nos
1187 579 1447 614 praemonere,

294 636 530 681 Comparans
550 644 712 680 regnum
732 632 926 668 coelorum
949 628 961 683 [Ι
984 633 1144 669 reticulo
1165 634 1283 670 misso
1305 634 1344 670 in
1364 647 1480 677 mare,

296 699 554 749 Congreganti
574 699 716 735 multos
737 699 877 747 pisces,
906 695 918 751 Η
942 712 1054 736 omne
1076 713 1198 748 genus
1219 701 1309 738 hinc
1331 706 1368 738 et
1389 702 1491 738 inde.

296 771 403 810 Quos
426 781 514 804 eum
534 767 742 803 traxissent
763 767 810 802 ad
830 766 936 811 litus,
965 763 977 819 Η
1001 772 1092 804 tunc
1115 773 1322 816 coeperunt
1344 781 1530 816 separare,

293 838 422 873 Bonos
443 836 483 871 in
503 847 595 870 vasa
615 834 815 878 miserunt,
845 829 857 885 Η
880 834 1049 882 reliquos
1071 836 1192 872 malos
1214 836 1254 872 in
1275 849 1391 872 mare.

294 904 480 951 Quisquis
502 902 635 939 recolit
656 901 909 949 evangelium,
939 897 951 954 Η
974 908 1223 951 recognoscat
1244 917 1331 940 cum
1351 904 1499 943 timore.

291 972 407 1007 Videt
427 969 630 1006 reticulum
652 968 864 1012 ecclesiam,
894 964 906 1020 ΙΙ
929 970 1034 1006 videt
1053 971 1126 1007 hoc
1148 971 1346 1007 saeculum
1366 984 1482 1015 mare,

260 1075 262 1077 ,
294 1040 426 1088 Genus
448 1042 576 1072 autem
596 1035 760 1071 mixtum
779 1036 896 1083 piscis
920 1032 931 1088 Η
950 1037 1083 1084 justus
1105 1043 1163 1074 est
1185 1052 1271 1074 cum
1292 1044 1504 1087 peccatore.

295 1105 445 1142 Saeculi
465 1104 551 1140 finis
574 1107 633 1139 est
653 1103 758 1147 litus,
788 1099 800 1155 Η
823 1108 914 1140 tune
937 1108 994 1140 est
1015 1110 1168 1153 tempus
1190 1118 1378 1153 separare,

296 1173 460 1213 Quando
481 1171 577 1207 retia
597 1176 795 1219 ruperunt,
825 1166 837 1222 {l
860 1170 1025 1206 multum
1047 1172 1264 1209 dilexerunt
1284 1185 1401 1209 mare.

293 1242 327 1276 V
331 1253 395 1276 asa
417 1244 508 1276 sunt
529 1239 640 1275 sedes
663 1243 893 1282 sanctorum,
923 1234 935 1290 ss
960 1252 1035 1286 quo
1056 1252 1134 1275 non
1155 1246 1319 1288 possunt
1339 1241 1549 1289 pervenire.

348 1342 481 1377 Bonus
503 1340 653 1375 auditor
674 1340 835 1375 fortasse
859 1335 871 1391 ΙΙ
895 1340 1064 1387 quaerit:
1092 1340 1158 1388 qui
1178 1347 1361 1389 ruperunt
1382 1348 1462 1378 rete
1475 1345 1490 1377 ἶ)

290 1409 481 1445 Homines
503 1407 668 1443 multum
691 1407 857 1454 superbi,
888 1403 900 1458 Η
925 1407 989 1454 qui
1006 1407 1135 1454 justos
1158 1421 1198 1443 se
1220 1409 1352 1444 dicunt
1375 1422 1472 1445 esse.

293 1477 354 1513 Sic
376 1477 549 1511 fecerunt
571 1475 776 1510 scissuram
798 1479 835 1510 et
860 1470 871 1526 {J
895 1475 1011 1510 altare
1034 1480 1165 1511 contra
1185 1476 1316 1511 altare.

292 1543 457 1580 Diabolo
480 1555 520 1578 se
542 1541 793 1585 tradiderunt,
823 1537 835 1593 [l
859 1555 947 1578 cum
966 1547 1141 1590 pugnant
1162 1543 1208 1578 de
1230 1543 1446 1588 traditione,

290 1612 343 1647 Et
364 1610 506 1646 crimen
529 1610 632 1657 quod
653 1610 939 1654 commiserunt,
968 1606 980 1661 ΙΙ
1003 1610 1043 1645 in
1064 1598 1159 1646 alios
1180 1611 1315 1647 volunt
1336 1613 1554 1648 transferre.

292 1678 373 1726 Ipsi
394 1679 633 1714 tradiderunt
652 1678 771 1713 libros
795 1673 807 1729 Η
831 1682 868 1714 et
888 1691 959 1713 nos
982 1678 1124 1714 audent
1145 1691 1336 1723 accusare,

294 1749 347 1783 Ut
366 1746 478 1794 pejus
501 1745 741 1781 committant
763 1745 901 1790 scelus,
931 1741 943 1797 Η
967 1758 1082 1793 quam
1104 1746 1378 1783 commiserunt
1399 1752 1437 1783 et
1457 1752 1558 1784 ante.

293 1814 407 1855 Quod
428 1818 587 1861 possent
609 1825 763 1848 causam
784 1812 967 1848 librorum
991 1808 1002 1864 ΙΙ
1027 1826 1209 1850 excusare
1231 1814 1277 1849 de
1299 1813 1447 1853 timore,

293 1881 408 1923 Quod
430 1883 566 1917 Petrus
590 1879 788 1916 Christum
808 1880 974 1927 negavit,
1004 1876 1016 1932 [Ι
1040 1881 1132 1916 dum
1152 1885 1357 1918 terreretur
1378 1882 1425 1918 de
1446 1888 1580 1926 morte,

290 1950 409 1987 Modo
431 1961 506 1996 quo
527 1951 639 1996 pacto
662 1947 902 1983 excusabunt
925 1943 937 1999 ΙΙ
959 1948 1105 1984 factum
1126 1949 1244 1984 altare
1267 1953 1397 1985 contra
1418 1949 1564 1985 altare?

289 2020 342 2055 Et
362 2029 455 2066 paee
479 2015 623 2052 Christi
645 2014 840 2050 conscissa
861 2010 873 2066 Η
898 2027 1006 2063 spem
1025 2020 1176 2063 ponunt
1197 2016 1236 2051 in
1257 2016 1441 2052 homine?

292 2085 407 2126 Quod
426 2086 649 2132 persecutor
669 2095 747 2118 non
767 2082 870 2126 fecit,
899 2077 912 2134 ss
935 2083 1009 2131 ipsi
1031 2083 1204 2120 fecerunt
1224 2084 1263 2120 in
1284 2097 1391 2133 pace.

149 2193 334 2227 sententiis
353 2192 426 2226 suis
445 2191 618 2236 incipiens
636 2202 656 2224 a
672 2191 838 2224 membris
857 2192 1071 2236 syllabarum
1089 2192 1328 2237 septendecim
1341 2196 1377 2226 et
1390 2191 1515 2226 finiens
1530 2193 1696 2226 membris

148 2249 277 2293 viginti
304 2249 465 2282 duarum.
501 2248 611 2281 Indos
629 2247 665 2280 in
684 2259 897 2293 quocunque
916 2249 986 2282 fere
1005 2249 1173 2283 scientiae
1190 2248 1245 2282 vel
1264 2249 1349 2282 artis
1367 2260 1496 2293 genere
1514 2249 1603 2282 bene
1621 2262 1695 2283 ver·

149 2312 244 2339 satos
269 2305 486 2349 rhythmum,
507 2304 530 2337 i.
551 2315 582 2337 e.
603 2303 788 2337 certiorem
809 2304 1024 2348 syllabarum
1041 2305 1202 2339 brevium
1221 2310 1256 2339 et
1273 2305 1461 2349 longarum
1480 2306 1640 2339 ordinem
1659 2306 1694 2340 in

149 2362 362 2406 quibusdam
387 2361 530 2394 distichi
556 2360 642 2394 locis
668 2360 867 2404 adoptasse,
888 2361 944 2395 vel
961 2361 1067 2394 etiam
1079 2361 1155 2406 jam
1173 2362 1411 2396 assonantiam
1431 2362 1569 2396 finalem
1589 2363 1695 2396 inter—

151 2418 235 2451 dum
263 2418 308 2450 ad
336 2418 504 2462 majorem
533 2423 697 2450 ornatum
723 2416 913 2458 addidisse,
936 2417 1014 2462 quis
1032 2417 1246 2451 mirabitur?
1272 2419 1328 2452 Ita
1345 2418 1381 2451 in
1405 2419 1691 2463 Gl1tztctlc11›y›1z›·‹›‚

150 2474 251 2518 cujus
270 2474 422 2518 primum
441 2474 575 2506 slocum
595 2472 727 2517 profert
746 2473 904 2517 Boppius
924 2473 959 2506 in
979 2474 1136 2508 editione
1153 2474 1236 2507 Nali
1258 2475 1380 2519 (praef.
1402 2486 1435 2518 p.
1458 2475 1561 2519 vul)
1578 2490 1583 2509 :

195 2541 405 2583 nitachitany
425 2540 528 2573 Iuliam
549 2541 675 2584 upe'tgsa
693 2539 853 2573 niradaih
874 2542 883 2585 Η
897 2541 1464 2585 prz'yalelna'lzrz'daya'u‘aniradaih

193 2598 330 2631 salz‘lm'r
347 2597 484 2630 nilez'tan
502 2598 671 2629 rad-schah
692 2597 855 2630 kschitau
875 2597 885 2639 Η
904 2598 1215 2631 rawitsehamb-‹1520-
1233 2598 1294 2641 apz'
1309 2598 1624 2642 teci'palakschitau.

151 2665 206 2697 En
231 2665 470 2698 assonantiam
492 2664 631 2698 finalem
650 2665 925 2709 contrapositam
944 2665 1165 2710 bisyllabam‚
1186 2665 1274 2698 adeo
1292 2665 1521 2710 trisyllabum,
1543 2667 1694 2711 syllabas

151 2721 185 2753 in
213 2721 320 2765 priori
344 2722 502 2755 membro
529 2721 701 2766 cujusque
718 2732 840 2755 versus
858 2726 980 2755 exacte
999 2722 1131 2762 decem,
1154 2722 1189 2755 in
1209 2722 1393 2765 posteriori
1413 2723 1589 2757 undecim.
1626 2725 1693 2758 Sed

153 2777 293 2811 unicum
312 2778 377 2812 hoc
396 2778 598 2823 exemplum
616 2777 840 2811 assonantiae
857 2777 944 2812 mihi
963 2778 1146 2822 cognitum
1165 2782 1229 2810 est.
