1963 3202
738 831 1288 897 APPENDIX.
1342 851 1345 853 ·

244 1125 681 1182 sPIOILEGIA
710 1125 805 1176 ET
836 1122 1258 1176 SPECIMINA
1284 1127 1330 1175 E
1362 1122 1789 1178 CODICIBUS.

357 1290 583 1347 Spicilegia
615 1290 679 1330 vel
709 1289 913 1330 dictiones
939 1296 981 1329 et
1003 1288 1232 1329 sententias
1254 1287 1447 1329 collectas
1470 1289 1597 1329 unius
1621 1290 1790 1339 tenoris,

243 1380 277 1404 e.
300 1379 362 1417 gr.
388 1360 715 1416 grammaticalis
738 1360 823 1399 sive
845 1359 1030 1408 moralis,
1052 1366 1092 1398 et
1114 1358 1342 1412 specimina
1364 1360 1429 1399 vel
1450 1367 1588 1412 partes
1611 1359 1795 1413 integras

187 1443 191 1448 '
244 1449 265 1474 e
295 1433 508 1473 codicibus
540 1430 784 1484 praesertim
814 1429 1041 1469 hibernicis
1070 1436 1156 1469 tam
1177 1429 1364 1469 exercitii
1386 1444 1511 1483 quam
1532 1430 1647 1470 modi
1669 1430 1793 1470 inter-

242 1502 489 1558 pretationis
508 1508 695 1542 veterum
712 1500 993 1554 glossatorum
1009 1499 1243 1539 accuratius
1261 1499 1539 1553 cognoscendi
1556 1515 1681 1540 causa
1699 1502 1794 1540 sub-

238 1575 418 1628 jungere
447 1572 516 1612 hic
545 1572 588 1611 in
611 1572 694 1611 fine
716 1570 850 1624 operis
873 1570 1155 1622 incongruum
1177 1576 1286 1609 certe
1308 1583 1393 1609 non
1415 1577 1491 1618 est,
1518 1577 1559 1610 et
1579 1571 1702 1611 modo
1724 1572 1794 1611 ad-

245 1646 340 1685 dere
365 1641 763 1683 commentationem
784 1641 843 1681 ita
864 1639 1103 1693 propositis,
1129 1641 1252 1679 modo
1275 1639 1480 1689 omittere,
1506 1648 1553 1680 ut
1576 1641 1726 1680 harum
1747 1640 1794 1680 li-

246 1724 427 1771 terarum
458 1713 616 1754 amicus
638 1711 892 1752 facilioribus
915 1710 1167 1763 quibusdam
1187 1708 1374 1749 imbutus
1397 1709 1485 1763 ipse
1507 1710 1704 1764 deinceps
1726 1725 1795 1764 pe-

245 1785 426 1825 riculum
458 1783 583 1824 faciat
613 1783 658 1822 in
684 1782 791 1822 aliis.
836 1780 1094 1821 Britannicis
1117 1793 1223 1832 quae
1244 1778 1439 1832 deinceps
1461 1788 1709 1833 sequuntur,
1734 1796 1796 1821 ra-

245 1855 424 1896 rioribus
455 1862 496 1894 et
525 1852 824 1893 vetustioribus
854 1851 900 1891 in
928 1865 1063 1890 unum
1085 1850 1224 1890 locum
1245 1849 1443 1898 collectis,
1469 1850 1663 1890 omnibus
1687 1865 1796 1890 com-

246 1924 477 1965 mentarius
499 1924 717 1964 addendus
739 1922 973 1962 videbatur.

782 2214 822 2258 Ι.
900 2211 1263 2257 Hibernica.

501 2351 552 2389 A.
618 2346 949 2388 Dictiones
995 2343 1551 2397 grammaticales*

933 2467 1121 2507 Sonus.

368 2599 548 2651 Foqur
579 2597 741 2648 (sonus,
776 2589 1108 2645 pronuntiatio):
1133 2591 1273 2645 fossm·
1305 2607 1356 2631 .z.
1377 2591 1460 2645 for
1495 2591 1550 2630 .d.
1578 2590 1654 2643 (gl.
1680 2603 1802 2642 saepe

256 2671 281 2709 d
304 2669 531 2709 scribentes
554 2664 697 2706 Latini
718 2663 843 2710 hanc,
869 2675 904 2710 z,
930 2660 1173 2712 exprimunt
1194 2675 1311 2710 sono,
1342 2692 1349 2700 .
1375 2692 1383 2701 .
1408 2658 1690 2713 antiquissimi
1712 2659 1801 2697 Me-

348 2781 364 2796 *
390 2779 511 2813 Codex
537 2777 599 2822 Sg.
627 2775 778 2809 refertus
804 2773 911 2818 hujus
937 2772 1078 2816 generis
1103 2773 1321 2806 dictionibus
1347 2770 1604 2815 intelligendus
1630 2773 1694 2809 est,
1723 2779 1802 2801 cum

257 2849 327 2870 non
349 2836 478 2869 citatur
496 2834 598 2868 alius.
635 2832 707 2869 Qui
726 2830 798 2872 alii,
820 2828 961 2874 quando
979 2839 1093 2862 sermo
1112 2833 1165 2861 est
1182 2829 1226 2862 de
1243 2829 1348 2862 rebus
1366 2826 1702 2872 grammaticalibus,
1724 2836 1803 2858 cum
