1963 3202
226 76 308 116 918
514 77 593 118 VI.
622 80 660 117 2.
705 91 999 119 consrssucrio
1021 91 1204 119 ΡΟΕΤΙΟΑ
1229 93 1490 120 HIBERNICA.

343 189 601 229 Assonantia
644 196 707 230 est
753 189 821 229 hic
859 189 1117 243 copulativa,
1161 205 1292 245 eaque
1329 192 1510 246 duplex,
1553 192 1599 233 in
1645 193 1780 247 prima

233 258 426 312 stropha,
461 259 743 313 contraposita
777 259 823 299 in
859 261 1057 301 secunda.
1109 261 1368 302 Assonantia
1401 262 1541 302 finalis
1576 262 1782 317 bisyllaba

232 342 353 381 porro
377 328 423 368 in
445 329 536 369 aliis
558 329 742 383 hymnis,
767 343 946 383 quorum
966 336 1109 371 auctor
1129 331 1425 372 vetustissimis
1448 332 1696 374 testimoniis
1719 349 1781 375 as-

234 398 385 438 seritur
406 399 653 439 Ambrosius
676 399 747 451 (cf.
772 399 981 441 editorum
1001 401 1331 441 admonitionem
1351 401 1396 441 in
1418 402 1630 456 hymnos),
1657 418 1692 444 e.
1715 418 1778 458 gr.

234 467 279 508 in
300 468 425 521 primi
447 469 618 522 stropha
639 476 779 509 sexta:

424 551 536 587 Gallo
559 556 717 588 canente
745 550 750 600 Ι
778 564 866 600 spes
887 552 997 597 redit,
1027 548 1040 604 ΙΙ
1064 553 1186 601 aegris
1214 549 1218 606 Ι
1247 554 1350 590 salus
1372 553 1603 599 refunditur,

425 619 562 655 Mucro
586 619 595 668 Ι
621 619 780 656 latronis
803 619 993 665 conditur,
1023 615 1036 671 ΙΙ
1083 619 1088 668 Ι
1115 620 1234 669 lapsis
1255 622 1350 658 fides
1371 621 1589 658 revertitur.

347 693 484 734 Immo
515 694 753 749 trisyllabae
783 694 1047 736 assonantiae
1075 695 1261 736 finientis
1287 710 1365 736 nec
1394 711 1479 736 non
1501 696 1661 737 mediae
1683 705 1784 738 sunt

235 764 427 817 exempla
446 764 514 805 vel
534 765 726 819 vestigia,
751 779 786 805 e.
812 780 874 819 gr.
898 764 944 805 in
965 765 1103 818 quarti
1125 767 1308 806 secunda
1330 766 1521 820 stropha:

348 848 439 883 Non
461 860 508 883 ex
528 846 628 882 virili
654 846 659 895 Ι
687 847 836 892 semine,
866 843 879 899 ΙΙ
903 847 970 883 sed
991 847 1152 895 mystico
1180 846 1185 895 Ι
1213 847 1416 895 spiramine

351 911 354 965 Ι
377 915 550 951 Verbum
571 914 632 950 dei
659 914 665 963 Ι
691 915 835 951 factum
857 927 942 951 caro
965 911 978 967 ΙΙ
1026 914 1032 964 Ι
1058 915 1283 963 fructusque
1311 911 1315 967 Ι
1342 915 1486 952 ventris
1513 916 1518 965 Ι
1545 917 1686 953 floruit.

349 990 402 1029 In
425 990 564 1043 quinti
585 989 734 1043 hymni
756 996 895 1030 sexta:

379 1071 441 1108 Sic
470 1067 473 1124 Ι
502 1072 671 1120 quinque
692 1072 863 1108 millibus
884 1071 973 1107 viris
996 1068 1009 1123 ΙΙ
1033 1072 1125 1107 dum
1151 1067 1155 1124 Ι
1184 1071 1353 1119 quinque
1375 1084 1494 1120 panes
1516 1072 1665 1118 dividis,

378 1139 582 1175 Edentium
604 1140 675 1175 sub
697 1138 865 1175 dentibus
888 1134 901 1191 ΙΙ
924 1139 963 1174 in
985 1152 1048 1175 ore
1076 1135 1080 1191 Ι
1109 1139 1303 1175 crescebat
1329 1134 1333 1190 Ι
1362 1138 1479 1175 cibus.

350 1214 404 1253 In
425 1214 594 1268 septimi
617 1214 739 1254 tertia
759 1221 800 1255 et
822 1221 969 1267 quarta
991 1214 1183 1268 stropha:

381 1293 384 1345 Ι
419 1296 522 1333 Votis
550 1291 554 1348 Ι
582 1309 753 1332 vocemus
776 1300 814 1332 et
833 1300 988 1344 patrem,
1018 1292 1031 1348 ΙΙ
1080 1293 1084 1348 Ι
1111 1300 1253 1345 patrem
1280 1296 1285 1345 Ι
1311 1296 1486 1345 perennis
1508 1296 1664 1344 gloriae,

381 1360 385 1414 Ι
409 1365 558 1400 Patrem
585 1359 590 1413 Ι
616 1363 780 1412 potentis
802 1364 958 1411 gratiae,
988 1359 1000 1415 ΙΙ
1025 1364 1178 1412 culpam
1198 1361 1368 1412 relleget
1394 1360 1399 1416 Ι
1426 1364 1626 1401 lubricam.

380 1427 384 1482 Ι
408 1431 596 1466 Informet
622 1429 627 1478 Ι
655 1435 763 1467 actus
786 1436 972 1475 strenuOS,
1001 1426 1014 1483 ΙΙ
1038 1431 1167 1467 dentes
1189 1432 1365 1468 retundat
1386 1432 1519 1475 invidi,

381 1501 506 1536 Casus
528 1499 711 1535 secundet
732 1511 901 1547 asperos,
931 1494 943 1551 ΙΙ
967 1499 1080 1551 donet
1107 1495 1112 1551 Ι
1139 1499 1290 1547 gerendi
1317 1495 1321 1550 Ι
1349 1499 1523 1547 gratiam.

351 1589 405 1628 In
434 1588 499 1628 his
528 1595 692 1642 praeter
722 1587 897 1628 formam
918 1596 1134 1629 externam
1154 1587 1414 1641 incognitam
1434 1587 1568 1641 pot-{tis
1591 1587 1784 1630 classicae

238 1657 459 1698 vetustatis
489 1665 531 1698 et
558 1658 822 1712 peregrinam
852 1665 976 1707 certe,
1002 1673 1108 1712 quae
1139 1659 1256 1699 adest
1285 1658 1400 1698 haud
1429 1657 1569 1707 dubie,
1596 1659 1784 1711 quamvis

237 1735 286 1769 ut
317 1728 513 1769 additicia
540 1729 637 1783 plus
668 1729 735 1770 vel
764 1728 905 1768 minus
928 1729 1160 1777 observata,
1185 1727 1426 1768 dominatur
1448 1727 1584 1768 adhuc
1604 1736 1785 1770 metrum

237 1798 421 1839 latinum
449 1806 490 1839 et
521 1799 776 1853 syllabarum
803 1798 1031 1852 quantitas.
1077 1799 1160 1839 Sed
1190 1797 1324 1851 magis
1355 1797 1589 1837 inauditam
1610 1798 1784 1839 formam

239 1869 381 1917 offert,
415 1883 568 1909 novam
605 1869 725 1922 quasi
766 1876 917 1909 terram
946 1868 1080 1921 aperit
1108 1882 1348 1920 novumque
1378 1882 1528 1907 aevum
1557 1869 1784 1910 annuntiat

238 1940 425 1992 psalmus
448 1938 714 1979 abecedarius
737 1939 781 1979 S.
806 1938 1038 1991 Augustini
1060 1936 1243 1990 episcopi
1265 1936 1556 1989 Hipponensis
1577 1937 1622 1976 in
1642 1938 1783 1979 Africa

240 2009 361 2061 (obiit
382 2024 419 2048 a.
442 2011 558 2061 430),
580 2010 651 2048 sed
673 2008 745 2061 qui
766 2022 839 2061 per
858 2008 1000 2061 plures
1022 2020 1153 2046 annos
1171 2005 1403 2045 Mediolani
1423 2006 1671 2047 rhetoricam
1690 2023 1783 2061 pro-

237 2080 448 2120 fitebatur.
485 2079 642 2119 Contra
663 2077 907 2117 Donatistas
929 2076 1060 2129 ipsius
1082 2075 1310 2115 humillimi
1331 2075 1448 2129 vulgi
1468 2090 1607 2125 causa,
1628 2084 1676 2116 ut
1696 2077 1784 2130 ipse

239 2149 355 2199 dicit,
382 2149 561 2203 scriptus
585 2154 647 2187 est
668 2147 869 2201 psalmus.
913 2147 966 2185 In
988 2146 1065 2185 hoc
1087 2159 1209 2185 omne
1230 2152 1411 2185 metrum
1432 2152 1473 2185 et
1494 2151 1628 2186 omnis
1651 2162 1782 2200 quan-

239 2219 336 2260 titas
367 2219 638 2266 desideratur,
664 2218 781 2257 adest
809 2214 979 2255 nonnisi
1008 2215 1249 2255 assonantia
1279 2230 1375 2255 cum
1397 2222 1507 2256 certo
1529 2216 1784 2269 syllabarum

238 2303 428 2329 numero.
442 2289 462 2309 ³⁴⁶
494 2287 642 2332 Quivis
659 2301 802 2327 versus
818 2286 918 2326 bina
933 2286 1118 2325 membra
1135 2285 1337 2336 continet,
1359 2285 1533 2339 quodvis
1549 2288 1783 2326 membrum

330 2463 346 2478 ³*
366 2462 588 2507 Syllabarum
602 2465 718 2494 certus
735 2471 904 2493 numerus
921 2471 983 2504 per
1001 2471 1037 2492 se
1049 2459 1124 2504 jam
1142 2459 1237 2504 apud
1255 2459 1365 2493 Indos
1383 2459 1558 2504 generalis
1576 2460 1688 2492 forma
1700 2461 1781 2503 poc-

240 2519 309 2552 tica
337 2524 400 2559 est,
423 2517 582 2563 quamvis
609 2517 645 2550 in
672 2528 792 2550 eorum
817 2520 959 2550 vetusta
983 2515 1108 2559 lingua
1125 2515 1335 2560 quantitatis
1354 2516 1409 2549 vel
1426 2515 1604 2549 vocalium
1621 2515 1781 2548 brevium

240 2579 275 2608 et
292 2575 479 2618 longarum
498 2574 543 2607 sit
560 2574 715 2618 perfecta
733 2571 928 2605 distinctio.
956 2572 1106 2605 Versum
1125 2572 1230 2604 etiam
1249 2571 1343 2615 apud
1361 2571 1426 2604 hos
1445 2571 1515 2604 duo
1530 2571 1685 2604 membra
1700 2581 1781 2603 con-

238 2630 404 2670 stituunt,
435 2630 506 2663 duo
530 2640 652 2662 versus
677 2628 866 2668 distichon,
889 2628 985 2672 quod
1013 2627 1137 2660 dicunt
1161 2628 1302 2660 εἷος-τινι.
1338 2627 1469 2659 Versus
1496 2627 1616 2671 epicus
1643 2625 1782 2658 brevior

238 2685 363 2718 ceteris
389 2690 425 2718 et
448 2685 713 2725 usitatissimus,
736 2695 805 2728 quo
830 2684 1024 2717 carminum
1051 2684 1230 2728 epicorum
1255 2683 1381 2727 ingens
1411 2682 1520 2716 moles
1549 2681 1721 2720 decurrit,
1744 2680 1779 2713 in

237 2741 362 2784 quovis
386 2740 545 2774 membro
571 2746 650 2774 octo
677 2740 828 2785 syllabas
854 2739 1031 2784 postulat;
1061 2740 1180 2783 plures
1204 2739 1240 2772 in
1266 2738 1344 2772 aliis
1369 2738 1563 2772 carminum
1589 2736 1778 2782 generibus

235 2808 446 2841 componere
471 2798 587 2831 solent
614 2799 737 2841 poetae
763 2807 826 2841 pro
852 2795 996 2829 arbitrio
1022 2807 1085 2829 suo
1110 2795 1329 2840 plerumque,
1351 2806 1381 2828 e.
1402 2806 1454 2838 gr.
1476 2792 1714 2827 Bhartriharis
1741 2792 1775 2825 in
