1963 3202
354 84 598 111 APPEme.
652 84 837 111 onosma
859 85 1106 112 &Minue-xi:
1129 86 1554 113 Luxicnssunessxses.
1621 72 1727 111 1097

184 183 346 224 creitlzi.
382 183 524 224 assiles
543 183 727 223 crom'on.
761 183 940 236 garrulis
957 183 1125 237 rae'ylz'on.
1155 184 1413 238 spumaticus
1431 199 1596 243 eumpoe.
1623 184 1730 224 iner—

185 261 245 294 tes
269 252 440 294 blm-ion.
486 254 581 293 tabe
602 253 744 307 ufedv's
764 252 963 294 m‘cedlest
982 254 1154 294 ne'coe'om.
1189 254 1391 307 regulosis
1414 254 1636 294 nam-olion.
1667 268 1730 294 or-

184 324 263 377 giis
294 323 541 376 imroqalou.
586 322 767 363 escifcris
799 323 1000 364 hemlion.
1045 324 1156 364 senis
1179 324 1381 364 ezcse'm'ou.
1425 324 1517 364 fidis
1541 323 1730 364 toruisio-

185 393 283 434 lion.
323 393 459 433 fusam
478 392 665 447 ympait.
699 392 1006 434 andrivenereis
1029 394 1334 434 couecantolion.
1369 394 1644 434 sulcavissent
1665 408 1728 433 ro-

183 463 338 504 ricsete'.
388 477 502 503 samo
524 477 669 503 (meon.
721 463 893 516 congclo
916 478 1136 517 conyroqec.
1184 464 1355 504 olivavit
1376 464 1623 518 ⁷·092cl1‘l22'as.
1668 478 1728 504 se-

182 641 298 687 genia.
326 640 510 675 conclavas
537 653 656 675 venas.
684 642 884 676 lectriceam
910 644 1100 678 lectricem.
1132 644 1229 678 conis
1256 644 1400 678 occulis.
1439 644 1570 677 baiolat
1596 648 1727 688 portat.

181 710 314 743 gugras
333 697 459 742 capita.
494 697 636 742 gibrose
653 698 820 732 humane.
856 699 975 743 gibras
993 700 1169 734 homines.
1204 701 1352 734 dusmus
1369 701 1546 734 diabolus.
1578 698 1729 733 follami-

181 754 236 788 nis
253 754 367 787 vallis.
388 759 538 798 occupat
554 760 695 799 acupet.
721 755 878 799 gibriosa
896 756 1062 789 humana.
1090 755 1214 790 lastrat
1231 757 1370 790 invitat.
1399 762 1584 802 qua‘raesta
1598 755 1726 789 bestia.

181 822 370 845 sennarum
388 810 561 844 dentium.
598 811 802 852 Quaeritur,
825 824 944 845 annon
971 813 1016 846 sit
1039 813 1242 846 addendum
1266 813 1390 847 etiam:
1419 820 1503 847 tona
1526 811 1723 852 mortalem,

181 879 261 901 cum
282 872 361 900 tona
376 867 423 912 (p.
442 867 517 911 105)
531 868 730 912 praecedat,
745 868 891 902 indubie
908 869 1082 903 cambrica
1095 875 1213 902 autem
1228 875 1421 914 sequantur
1434 869 1579 903 latinam
1592 880 1726 902 vocem.

272 924 532 964 Douolzinnom,
553 930 695 958 austum
714 925 737 958 i.
759 936 788 958 e.
809 925 988 967 haustum,
1010 926 1175 965 haustus3
1196 937 1260 970 pro
1279 937 1349 970 quo
1367 926 1531 970 equidem
1550 930 1730 969 exspecta-

183 979 291 1014 verim
317 981 542 1014 doum-[mmm
570 987 714 1027 propter
737 981 829 1015 infra
854 994 1005 1026 sequens
1030 983 1298 1027 (loyzc0rennam,
1319 982 1496 1026 profundo
1519 982 1575 1026 (cf.
1597 981 1642 1014 ob
1660 981 1729 1014 for-

181 1049 272 1070 mam
301 1042 336 1071 et
354 1038 646 1082 compositionem
665 1051 699 1083 p.
723 1040 799 1071 759.
821 1039 914 1083 879).
942 1051 1009 1079 rec,
1031 1039 1142 1079 sulco,
1171 1039 1246 1071 sine
1271 1038 1522 1072 terminatione
1539 1037 1727 1083 personali,

181 1098 222 1126 ut
246 1094 338 1127 infra
365 1106 550 1140 consp-oya,
572 1095 733 1139 congeIO,
763 1095 848 1128 dum
874 1095 975 1128 adest
1000 1095 1036 1128 in
1062 1094 1152 1128 aliis.
1191 1095 1320 1139 droam,
1350 1100 1484 1135 coetus,
1515 1094 1606 1127 infra
1631 1094 1727 1137 (It-oy,

181 1150 309 1190 faetio;
339 1157 435 1184 recte
467 1151 567 1184 affert
595 1150 741 1184 §Ionius
766 1151 905 1184 hibern.
934 1153 1062 1195 drony,
1091 1156 1233 1192 coetus,
1266 1151 1398 1196 copiae.
1431 1151 1608 1195 (sufflare-h,
1637 1161 1730 1182 com-

180 1218 256 1251 pos.
285 1218 304 1240 e
328 1218 448 1252 praep.
475 1219 550 1251 qm,
576 1219 648 1251 qm,
674 1219 758 1250 (luo-
785 1212 820 1240 et
846 1207 958 1241 subst.
982 1208 1095 1252 parole
1121 1208 1261 1252 (honor)
1283 1207 1380 1240 Mab.
1406 1210 1441 1247 1,
1464 1210 1517 1247 343,
1547 1218 1626 1239 cum
1652 1217 1728 1250 par-

179 1263 290 1296 ticula
313 1263 489 1308 privativa
512 1263 654 1296 amareh
677 1264 733 1307 (ἶ
751 1265 947 1309 (zm-parde)
970 1263 1067 1296 Mab.
1093 1266 1120 1304 l,
1142 1266 1218 1304 270,
1241 1259 1398 1309 ejusdem
1419 1275 1502 1307 ergo
1530 1263 1601 1296 fere
1620 1262 1730 1306 signi-

180 1319 355 1353 ficationis
382 1325 420 1353 ut
453 1331 602 1364 sequens
630 1320 716 1360 elon
745 1321 927 1364 quaeritur
950 1320 1045 1360 inde,
1073 1333 1117 1354 an
1143 1326 1238 1354 recte
1266 1320 1312 1354 sit
1335 1320 1466 1353 lectum
1493 1319 1548 1352 vel
1573 1319 1728 1352 locatum

179 1375 242 1409 lat.
263 1380 407 1409 remota.
435 1376 513 1415 οἶοί,
534 1387 666 1416 rumor,
688 1376 710 1408 i.
733 1387 762 1409 e.
783 1377 907 1421 gloria,
930 1377 1192 1410 substantivum
1213 1377 1539 1421 frequentissimum
1558 1376 1593 1408 in
1612 1374 1725 1414 Mah„

179 1432 277 1466 haud
302 1432 410 1465 dubie
435 1433 640 1477 ponendum
666 1444 728 1477 pro
755 1434 822 1473 dot,
844 1434 940 1478 quod
964 1433 1109 1466 exhibet
1126 1433 1286 1466 Monius.
1321 1433 1444 1472 crilzot,
1466 1432 1591 1472 vibrat,
1613 1431 1688 1464 sine
1707 1431 1730 1463 Ιι

180 1489 337 1522 immissa
361 1488 458 1529 eriot,
481 1489 672 1523 concordat
691 1501 770 1522 cum
790 1489 920 1522 cambr.
942 1489 1026 1523 hod.
1047 1482 1167 1533 cfydn,
1191 1489 1326 1533 eryde'zc,
1347 1494 1503 1533 quatere,
1526 1493 1726 1527 concutere,

180 1552 328 1591 excepta
346 1546 459 1579 vocali
478 1558 496 1577 0
514 1551 595 1590 post
613 1545 634 1585 i,
657 1546 685 1578 si
703 1557 773 1578 non
791 1552 843 1578 est
862 1545 939 1578 loco
958 1546 1118 1579 internae
1137 1546 1150 1578 ι’
1166 1546 1272 1590 liujus
1290 1556 1472 1590 personae.
1508 1545 1599 1578 Item
1618 1555 1729 1576 νοονε-

179 1602 298 1643 clilzan,
319 1603 450 1635 rectius
468 1602 653 1643 rom-etima,
675 1602 854 1643 rocritc'an,
876 1603 1036 1646 rigricat,
1057 1602 1188 1636 rectius
1207 1602 1361 1642 vibritat,
1383 1613 1463 1634 cum
1481 1600 1672 1645 praemissa
1689 1612 1728 1651 re

178 1658 366 1699 intensiva,
389 1670 468 1692 cum
485 1659 569 1692 hod.
591 1659 748 1703 erydian.
777 1658 903 1692 ereitln'
921 1659 968 1703 (p.
982 1660 1074 1704 290).
1103 1659 1255 1699 erom'on,
1277 1658 1409 1698 assiles,
1432 1657 1524 1701 sing.
1544 1668 1637 1697 eron,
1659 1661 1729 1689 tor-

179 1715 298 1748 natilis
323 1714 431 1754 infra,
461 1727 579 1748 crwmz
605 1715 717 1755 nab„
748 1715 886 1748 hibern.
915 1720 985 1748 vet.
1015 1715 1149 1755 erm'ml,
1180 1715 1356 1748 rotundus
1386 1714 1433 1758 (p.
1457 1714 1548 1759 158).
1585 1713 1725 1757 rz'ylz'on,

179 1771 323 1815 garruli,
345 1776 407 1803 aut
433 1771 559 1804 rz'olae'on
583 1771 774 1814 legendum
800 1777 854 1804 est
879 1777 941 1804 aut
967 1771 1126 1816 rz'yolz'on,
1149 1783 1229 1804 cuin
1258 1771 1304 1804 sit
1321 1771 1444 1804 eadem
1465 1781 1532 1802 vox
1550 1769 1634 1802 hod.
1654 1768 1726 1812 adj.

178 1827 328 1867 rlmawl,
349 1827 494 1876 loquax,
516 1827 691 1871 garrulus,
714 1839 757 1861 ex
785 1828 897 1861 subst.
918 1828 986 1860 νΙιιι
1011 1839 1090 1860 cum
1118 1839 1140 1859 u
1167 1839 1229 1872 pro
1256 1827 1278 1868 i,
1302 1833 1340 1861 ut
1360 1839 1472 1871 pump
1497 1837 1559 1870 pro
1586 1830 1728 1858 vetusto

173 1884 291 1928 pz'mp,
317 1896 340 1928 9
368 1883 464 1916 finali
489 1883 667 1928 primitiva
692 1884 810 1916 forsan
835 1884 986 1928 perdita.
1021 1895 1158 1923 euonoc,
1190 1883 1430 1928 spumaticus3
1453 1883 1565 1916 subst.
1595 1880 1725 1914 cambr.

179 1940 263 1973 hod.
291 1952 400 1984 ewyn,
422 1951 558 1984 spuma.
597 1940 740 1981 blz'm'on,
762 1952 780 1973 e
803 1940 895 1984 sing.
917 1939 989 1972 ble'n
1015 1940 1106 1973 infra
1123 1945 1306 1984 sequente.
1345 1938 1461 1983 ufede's
1485 1938 1649 1971 m'eedlesl
1673 1939 1730 1970 ne'-

177 1997 278 2038 vz'om,
300 1997 392 2037 tabe,
414 1997 501 2029 mihi
529 1997 673 2030 omnino
702 1997 864 2029 obscura.
900 1996 1088 2036 mitt-olion,
1110 1995 1158 2040 gl.
1179 1995 1366 2039 regulosiS,
1388 2007 1407 2028 a
1432 1995 1491 2028 lat.
1514 1999 1643 2028 natura
1671 1994 1730 2027 (le-

178 2053 306 2086 ducere
335 2053 500 2098 equidem
527 2053 783 2093 dubitaverim;
813 2052 930 2085 forsan
958 2052 1089 2085 rectius
1113 2052 1302 2085 mam-olion
1324 2052 1421 2096 (hod.
1442 2051 1512 2096 adj.
1539 2051 1726 2090 mmlrawl;

178 2109 222 2142 ef.
243 2117 338 2142 nom.
360 2109 443 2153 gall.
465 2110 658 2154 Matrona),
680 2110 777 2154 quod
795 2114 888 2142 esset
906 2109 1043 2153 irrigui.
1080 2108 1286 2152 imroyalou,
1309 2109 1418 2152 orgia,
1440 2108 1532 2153 plur.
1553 2107 1648 2140 haud
1667 2106 1730 2139 du-

177 2165 253 2206 bie,
280 2177 437 2210 compos.
467 2177 547 2199 cum
572 2165 646 2205 im-,
674 2178 741 2198 em-
764 2166 811 2210 (p.
834 2166 927 2210 870),
956 2165 1017 2198 sed
1043 2165 1167 2209 ignota
1191 2177 1259 2198 vox
1283 2165 1396 2208 νομαί,
1424 2165 1451 2197 si
1480 2176 1551 2197 non
1579 2169 1730 2207 cognata

180 2234 259 2256 cum
278 2222 350 2255 rein
374 2222 405 2266 (e
421 2222 532 2266 reyz'n,
553 2221 695 2266 roffl'n?)
717 2222 931 2255 substantivi
959 2232 1114 2266 compos.
1135 2233 1274 2265 emreyn
1297 2221 1438 2265 (coitus)
1459 2222 1546 2265 Leg.
1575 2221 1730 2254 benolion

177 2278 369 2323 legendum
395 2278 550 2311 bezcolion
576 2278 650 2322 ipse
674 2278 789 2311 editor
807 2278 952 2311 Monius
977 2282 1107 2317 censet,
1129 2277 1276 2310 afferens
1303 2277 1387 2310 hod.
1416 2277 1546 2310 cambr.
1568 2277 1725 2321 byn-mel,

178 2335 291 2375 vivus,
313 2335 357 2368 ad
376 2335 482 2367 vitam
502 2334 695 2378 pertinens.
724 2334 891 2375 ezcse'm'mc,
914 2346 931 2367 e
950 2334 1044 2377 sing.
1065 2334 1148 2366 hod.
1170 2333 1300 2366 eambr.
1321 2332 1420 2372 eisin,
1442 2333 1568 2374 furfur,
1591 2345 1669 2366 culn
1688 2346 1728 2367 eu

177 2402 241 2436 pro
266 2390 463 2424 recentiore
481 2390 514 2422 ei
530 2395 569 2422 ut
587 2389 620 2422 in
641 2389 732 2422 infra
750 2394 920 2434 sequente
939 2390 1120 2425 Jmleusecl:
1150 2401 1228 2422 cum
1248 2400 1332 2421 voce
1351 2389 1459 2421 latina
1477 2389 1567 2422 senis
1586 2402 1729 2423 concor-

178 2448 239 2480 dat
262 2447 346 2491 gall.
367 2447 451 2479 hod.
472 2458 545 2485 son,
567 2446 693 2485 furfur,
716 2452 866 2491 utraque
892 2446 1009 2479 forsan
1037 2458 1055 2479 e
1083 2445 1207 2478 celtica
1225 2450 1374 2478 curtata.
1404 2445 1631 2486 torm'siolz'on,
1654 2447 1726 2486 fidi,

178 2503 269 2537 infra
294 2503 330 2536 in
357 2502 528 2547 singulari
556 2501 723 2546 loy-quisi,-
749 2514 815 2535 vox
836 2502 1019 2546 incognita
1037 2502 1154 2541 hodie,
1178 2501 1295 2534 forsan
1315 2502 1510 2546 composita
1528 2502 1664 2546 (lor-yn.
1686 2520 1727 2529 :-

178 2560 415 2603 doyzmwyzc„
444 2558 762 2593 commonefaciens
791 2558 928 2591 hibern.
950 2563 1019 2592 vet.
1043 2558 1162 2591 toris-se
1189 2558 1280 2590 idem
1308 2558 1553 2602 significantis.
1586 2559 1731 2603 ymymit

180 2615 344 2648 Monium
362 2622 456 2649 recte
470 2620 557 2660 puto
572 2614 763 2647 contulisse
777 2625 856 2647 cum
872 2614 955 2647 hod.
967 2615 1137 2658 (surboeth
1151 2614 1300 2659 (poelli),
1316 2615 1420 2647 nimis
1433 2616 1577 2655 ardens3
1600 2616 1726 2656 fusam,

180 2671 297 2704 fusum
312 2682 396 2715 ergo
411 2672 503 2705 idem
517 2672 612 2717 quod
625 2682 682 2704 aes
695 2671 825 2703 fusum.
853 2670 1094 2703 eaummlolz'on
1112 2670 1158 2713 (p.
1180 2671 1268 2714 1-15).
1297 2671 1465 2712 rorici-eti,
1481 2673 1725 2711 sule-avissent,

179 2738 197 2760 e
215 2739 321 2772 supra
338 2733 532 2761 memorato
551 2739 606 2760 rec
626 2727 678 2760 vel
696 2739 822 2767 rec-am,
844 2726 962 2767 sulco;
988 2727 1049 2759 sed
1069 2726 1320 2770 postulandum
1342 2729 1481 2762 videtur
1499 2729 1668 2762 raricsent
1685 2730 1729 2762 ob

180 2783 466 2816 terminationem
494 2783 559 2815 -efz'
583 2783 778 2816 inauditam
807 2783 839 2816 in
870 2783 1044 2816 carnbrica
1070 2782 1205 2825 lingua.
1242 2795 1362 2824 ant-rm,
1392 2784 1425 2818 in
1446 2785 1576 2818 Vocab.
1607 2786 1727 2819 eadem
