1963 3202
205 94 287 134 960
481 96 560 136 VI.
589 100 627 136 2.
668 109 963 137 CONSTRUCTIO
986 109 1169 136 POETICA
1191 108 1478 136 BRITANNICA.

206 215 273 248 tus
305 207 562 262 syllabarum
591 215 684 248 octo
712 208 976 262 plerumque,
1002 223 1093 249 raro
1121 223 1273 250 novem
1301 209 1368 249 vel
1400 223 1487 249 sex.
1533 210 1644 250 Sunt
1665 223 1761 263 ergo

206 277 269 317 illi
298 292 442 318 versus
474 293 571 318 cum
602 278 845 319 assonantia
866 278 1118 332 copulativa,
1143 279 1188 318 hi
1208 280 1394 319 membra
1416 293 1558 319 versus
1581 294 1677 320 cum
1698 294 1761 320 as-

206 347 401 387 sonantia
431 349 715 401 contraposita
747 349 980 388 secundum
1000 356 1190 389 veterum
1211 348 1402 389 codicum
1424 348 1756 402 dispositionem.

210 416 256 456 Si
277 423 340 456 est
360 416 497 456 minor
518 417 715 467 ambitus,
737 425 962 458 occurrunt
979 418 1192 458 interdum
1210 426 1352 458 ternae
1370 418 1648 468 assonantiae,
1670 419 1699 459 i.
1721 434 1756 460 e.

209 487 404 540 strophae
433 487 644 536 triadicae,
673 495 722 528 ut
749 489 863 541 apud
885 489 1100 529 Cambros.
1145 490 1333 542 Excepta
1361 488 1602 528 assonantia
1632 488 1760 543 majo-

207 556 263 596 ris
295 563 483 606 ornatus,
511 557 680 607 initiali,
706 557 874 598 interna
901 559 967 598 vel
995 559 1171 608 laterali,
1197 566 1371 599 manent
1398 573 1494 612 ergo
1516 558 1639 599 hodie
1661 573 1761 612 quo-

210 641 290 679 que
311 626 471 680 priscae
493 627 818 668 constructionis
841 628 1027 682 poeticae
1048 629 1218 669 formae.

323 696 583 750 Ampliorem
625 705 666 738 et
706 698 839 751 magis
880 705 1070 738 ornatam
1110 698 1464 739 constructionem
1499 697 1543 736 in
1581 697 1762 751 strophis

211 767 441 807 ostendunt
478 767 664 808 carmina
691 768 843 808 harum
871 768 1146 809 dialectorum
1174 769 1218 808 in
1248 768 1459 809 codicibus
1489 774 1651 808 servata
1674 763 1764 821 jam

210 851 297 877 non
318 838 421 877 adeo
443 844 624 877 vetusta.

324 907 552 947 Cornicum
582 911 730 962 poema
756 909 806 948 de
827 908 1021 962 passione
1044 908 1202 949 Christi
1224 908 1545 949 constructionis
1568 923 1764 949 versuum

211 984 393 1017 veterem
423 977 599 1017 formam
628 979 735 1018 bene
765 979 958 1019 servavit.
1015 979 1308 1031 Compositum
1338 986 1401 1019 cst
1431 978 1545 1019 enim
1575 978 1764 1019 versibus

211 1048 392 1086 duorum
412 1048 696 1087 membrorum
717 1063 814 1088 cum
836 1047 1019 1101 septenis
1042 1048 1228 1101 syllabis,
1250 1056 1299 1088 ut
1320 1049 1504 1088 carmina
1520 1055 1687 1089 vetusta
1702 1048 1765 1088 hi-

210 1117 379 1157 bernica
409 1117 674 1157 decurrentia
704 1118 749 1157 in
780 1118 971 1158 distichis
1000 1132 1095 1157 cum
1117 1118 1359 1159 assonantia
1389 1118 1671 1172 contraposita
1700 1119 1767 1159 vel

212 1187 467 1240 copulativa,
492 1194 534 1226 et
561 1188 613 1227 ab
644 1187 709 1227 his
741 1202 788 1228 eo
820 1187 972 1237 differt,
999 1189 1111 1241 quod
1140 1196 1320 1241 quatuor
1350 1203 1494 1229 versus
1526 1189 1766 1229 assonantia

212 1257 450 1311 copulativa
470 1257 731 1307 continuata,
752 1271 883 1312 eaque
900 1258 1074 1311 duplici,
1096 1258 1141 1298 in
1159 1258 1373 1312 stropham
1391 1258 1534 1299 sociat.
1572 1259 1768 1312 Exempli

212 1341 337 1367 causa
359 1326 459 1368 sisto
482 1327 672 1381 strophas
695 1329 799 1368 duas
823 1331 919 1367 232.
948 1331 1042 1377 233,
1069 1329 1119 1368 de
1142 1329 1358 1382 sepultura
1379 1328 1552 1369 Christi.

413 1432 526 1479 Josep
550 1432 609 1468 the
634 1431 766 1468 Christ
785 1445 806 1467 a
828 1444 971 1481 vgflmas
996 1428 1008 1483 Η
1028 1446 1055 1481 y
1077 1446 1198 1469 art-ow
1219 1434 1296 1482 hay
1318 1434 1489 1483 tlecgfreyle
1511 1434 1621 1470 whek

421 1500 479 1536 Γη
501 1513 634 1535 venner
655 1500 717 1535 del
739 1499 803 1549 [ce]
826 1514 879 1549 yn
901 1500 1003 1536 whas
1028 1495 1040 1552 Η
1064 1500 1138 1548 hay
1161 1514 1201 1536 as
1219 1506 1404 1550 ystymms
1418 1515 1496 1549 par
1518 1502 1591 1537 (Iek

414 1567 522 1603 Adro
546 1567 611 1616 thy
629 1569 765 1617 quy
789 1568 935 1617 trylgsas
959 1563 971 1619 Η
995 1568 1144 1604 semlall
1160 1567 1241 1604 rich
1261 1582 1314 1617 yn
1338 1569 1418 1605 luas
1431 1569 1529 1617 pleg

417 1633 484 1670 Ha
505 1635 651 1683 flIm-ya
676 1635 732 1671 len
755 1648 776 1670 (z
798 1647 860 1670 ras
885 1630 896 1686 Η
917 1648 1035 1682 ymmo
1059 1641 1149 1672 trest
1167 1636 1217 1672 ha
1238 1636 1447 1672 morethek.

218 1808 274 1841 Ita
291 1813 326 1841 et
344 1808 429 1842 alibi
450 1807 495 1853 (2,
518 1811 595 1842 224.
617 1810 710 1855 440).
741 1810 959 1844 Assonantia
980 1811 1221 1857 contraposita
1238 1813 1274 1846 in
1292 1812 1458 1846 membris
1476 1816 1684 1845 octonarum
1703 1808 1770 1854 syl-

217 1864 378 1898 labarum
400 1864 445 1909 (1,
469 1865 547 1910 314)
566 1879 573 1899 ε

416 1946 527 1980 Petra
545 1958 566 1979 a
585 1946 618 1979 ῖα
632 1947 704 1991 fyad
719 1959 762 1980 ar
778 1949 901 1982 mene?
921 1948 931 1993 ΙΙ
949 1949 1032 1982 Em·
1050 1961 1164 1982 rmum
1182 1950 1281 1983 meod
1295 1950 1341 1984 dec
1355 1951 1513 1994 [lredann
1533 1960 1563 1984 e.

220 2027 372 2060 Rarior-a
389 2027 548 2060 membra
564 2039 783 2062 novenarum
801 2030 857 2063 vel
875 2041 1039 2063 senarum
1057 2029 1271 2074 syllabarum
1292 2030 1337 2074 (2,
1359 2030 1415 2075 (32)
1431 2044 1437 2064 :

331 2116 389 2149 Ne
404 2115 498 2157 w'mz,
519 2116 634 2158 (μὶ-(αἶ,
657 2117 752 2151 belek
770 2130 815 2151 ηα
833 2118 1004 2159 9ηαη3οἺ1,
1027 2118 1037 2162 [ἰ
1058 2119 1153 2152 [αλ-εί
1167 2131 1218 2152 em
1236 2132 1294 2153 eu:
1312 2131 1369 2152 ma
1386 2119 1509 2164 speret(
1523 2131 1560 2152 er
1570 2118 1703 2163 plac’h.

221 2205 314 2239 Sena
330 2206 367 2239 in
386 2206 547 2240 distichis
565 2206 620 2240 vel
637 2207 674 2240 in
693 2208 848 2252 strophis
867 2214 1020 2252 quatuor
1038 2207 1211 2242 linearum
1230 2209 1266 2242 111
1285 2209 1441 2243 editione
1461 2210 1506 2254 (2,
1527 2209 1606 2253 462)
1623 2222 1630 2242 z

585 2288 715 2321 Jews!
731 2300 841 2333 pesser
859 2289 939 2322 braz
959 2301 999 2322 co
1019 2290 1028 2333 Η
1041 2289 1205 2334 plg‘jadm·
1221 2302 1292 2323 ann
1310 2302 1404 2331 oneo,

589 2345 643 2377 Pa
661 2344 736 2377 vim*
752 2344 855 2377 diruk·
873 2345 971 2387 (lone,
994 2345 1004 2389 Η
1023 2347 1091 2390 hay
1110 2358 1174 2379 eun
1194 2347 1234 2379 he
1248 2350 1414 2390 [jurante.

223 2425 377 2469 Str-opha
394 2425 542 2458 triadica
559 2436 639 2458 cum
658 2426 795 2459 octonis
814 2426 958 2471 syllabis
976 2427 1012 2460 in
1031 2426 1134 2460 lineis
1155 2427 1200 2471 (l,
1221 2428 1299 2472 50):

708 2508 769 2540 Ho
787 2509 904 2541 mabil-c
921 2509 1006 2541 salet·
1024 2507 1118 2541 c’lwz'
1132 2520 1152 2541 a
1171 2507 1276 2548 rirez,
1945 2529 1949 2544 .·

708 2565 772 2598 Me
788 2576 845 2596 ma
863 2563 941 2596 lzz'm'
957 2577 1009 2597 me»
1026 2576 1046 2597 a
1062 2565 1186 2608 yollez.
1942 2550 1951 2579 ἰ

717 2621 826 2654 Trete:
844 2620 943 2653 main
960 2632 1086 2653 mamm
1106 2633 1127 2653 (ι
1145 2622 1270 2654 druez!
1942 2581 1952 2707 ἵ

222 2701 303 2734 Non
329 2700 560 2734 inveniuntur
587 2701 752 2746 strophae
777 2700 964 2745 ampliores
991 2713 1069 2735 cum
1097 2702 1310 2735 assonantiis
1332 2702 1368 2735 in
1387 2703 1491 2735 certis
1509 2701 1611 2735 lineis
1629 2713 1773 2747 respon-

226 2757 405 2797 dentibus,
428 2762 467 2789 ut
484 2756 519 2789 in
538 2757 710 2791 armorico
729 2760 889 2803 poemate
908 2758 951 2791 de
971 2758 1006 2791 S.
1030 2758 1175 2798 Nonita,
1196 2759 1231 2791 in
1251 2770 1321 2803 quo
1339 2762 1462 2791 contra
1479 2758 1577 2792 nulla
1596 2763 1649 2792 est
1666 2770 1772 2792 mem—
1938 2753 1941 2804 Ι

225 2813 368 2845 brorum
387 2813 514 2846 divisio
533 2813 578 2846 ob
596 2825 671 2847 eam
689 2814 914 2859 stropharum
933 2814 1234 2848 constructionem
1252 2815 1365 2859 magis
1382 2815 1601 2859 implicitam.
