1963 3202
406 125 650 153 APPENDIX.
703 125 887 152 GLOSSAE
909 125 993 151 cAM
1004 125 1157 152 131<chss
1179 125 1464 152 OXOMENSES.
1605 111 1709 149 1077

275 222 356 277 (δ”)
391 223 609 264 sorditiam
641 223 716 277 (gl.
752 228 898 274 screo).
941 223 1148 264 lemlmmn
1180 224 1254 277 (gl.
1289 227 1453 277 arguo).
1489 223 1706 263 enmeciam

161 294 236 347 (gl.
269 294 434 346 innuo).
475 293 643 347 qrm‘am
675 293 750 347 (gl.
785 296 893 345 suo).
938 293 1058 334 ‹lacllt
1086 293 1161 346 (gl.
1198 293 1346 345 curia).
1392 294 1594 333 hammes
1626 293 1700 346 (gl.

158 364 304 417 linea).

271 436 349 487 (4³)
382 440 606 487 temperam
628 433 703 487 (gl.
727 433 910 485 condio).
946 434 1052 474 helel
1071 434 1145 487 (gl.
1166 433 1315 485 bulla).
1346 431 1601 486 mathye-iam
1624 431 1699 483 (gl.

158 624 324 658 (lemanni
341 629 444 657 sunt:
465 635 564 669 egeo,
581 623 697 658 doleo.
726 625 814 658 Cum
834 630 949 659 tamen
969 623 1108 668 glossae
1127 624 1321 657 cambricac
1339 623 1490 656 addatur
1510 635 1574 656 vox
1594 622 1703 656 latina

160 684 263 721 lert-u,
286 692 355 713 non
384 680 532 714 dubium
550 681 782 725 glossatorem
801 681 844 714 de
862 693 916 725 gr.
937 683 980 725 γῆ
999 684 1033 714 et
1051 681 1247 724 geometria
1265 680 1439 723 cogitasse
1459 686 1493 712 et
1512 679 1701 723 legendum

156 735 454 780 ‹quuomz'secram,
485 737 686 782 decompos.
725 737 916 781 (Io-yuo-m.
946 738 994 782 (p.
1025 738 1118 782 579).
1164 738 1366 770 Occurrunt
1399 737 1435 769 in
1460 736 1558 769 Mal).
1587 735 1699 769 subst.

158 804 289 826 messm-
309 793 499 838 (mensura)
522 797 551 834 2,
568 796 646 827 223.
664 796 742 827 210.
758 796 790 834 3,
814 796 886 834 155,
905 794 1001 827 verb.
1023 805 1209 826 messuram
1229 793 1457 837 (mensurare)
1479 796 1510 832 3,
1528 794 1605 825 301.
1623 794 1698 832 303,

158 855 247 894 part.
267 849 474 883 messarede'c
499 852 538 891 2,
561 853 645 892 236,
674 850 851 895 hodieque
879 854 1020 883 exstant
1045 861 1170 890 mesur,
1198 861 1381 890 mesuraw,
1410 849 1505 882 unde
1533 860 1699 892 ›nesure-cs,

156 906 362 949 geometria.

249 962 314 1006 (31))
341 962 532 1003 seruitium,
550 973 659 1002 screo,
681 963 703 995 i.
717 975 748 996 c.
769 968 925 1003 sternuo,
947 967 1108 996 sternuto
1129 963 1252 1007 (germ.
1274 966 1440 1006 rauspere
1457 962 1580 1006 mich).
1610 962 1699 995 Con-

156 1019 254 1063 gruit
280 1019 442 1052 hodiem.
473 1019 568 1052 verb.
594 1019 807 1063 ysyrydiaw,
836 1025 996 1059 tremere,
1028 1018 1139 1063 quati.
1186 1018 1313 1052 Glossa
1339 1030 1490 1063 sequens
1515 1019 1551 1051 in
1578 1018 1700 1051 codice

156 1080 210 1108 est
236 1075 382 1115 Iehaam,
404 1074 533 1108 lineola
560 1075 667 1109 ducta
689 1086 796 1119 supra
821 1088 848 1116 e,
870 1087 960 1120 quae
987 1076 1074 1109 etin
1092 1075 1170 1108 aliis
1189 1074 1274 1108 locis
1291 1074 1468 1119 significat
1486 1087 1529 1115 m,
1551 1079 1585 1108 et
1604 1086 1701 1119 prae-

156 1132 262 1164 misso
286 1136 368 1164 ante
387 1131 539 1175 lsign03
568 1131 590 1164 i.
614 1143 644 1165 c.
665 1137 838 1165 commate
857 1143 935 1165 cum
953 1137 1098 1176 puncto,
1119 1131 1215 1176 quod
1233 1131 1262 1164 si
1279 1136 1332 1164 est
1349 1131 1459 1165 latina
1475 1131 1576 1175 sigla,
1598 1131 1701 1164 obvia

157 1187 262 1220 etiam
287 1187 323 1220 in
342 1187 469 1232 glossis
488 1187 680 1221 hibernicis
707 1200 724 1221 ο
745 1200 807 1233 pro
825 1200 914 1229 com,
935 1187 1144 1221 solvendum
1164 1193 1218 1221 est
1236 1187 1408 1220 cambrice
1426 1199 1488 1227 ce-‚
1509 1200 1607 1220 conv.
1645 1188 1700 1220 De

155 1243 415 1287 significatione
434 1255 504 1276 non
524 1244 684 1284 dubium,
703 1256 781 1278 cum
800 1245 846 1278 sit
863 1244 969 1277 hodie
988 1256 1129 1289 quoquc
1147 1244 1217 1289 adj.
1239 1244 1336 1288 leym,
1353 1244 1434 1276 fem.
1455 1243 1545 1283 llem,
1560 1248 1697 1284 acutus,

156 1305 317 1343 argutus,
346 1299 458 1332 subst.
491 1300 655 1343 llymaad,
677 1312 837 1341 acumen,
859 1312 955 1334 corn.
977 1302 1120 1344 lcmmys
1142 1300 1292 1343 (acutuS,
1313 1299 1437 1345 partic.
1458 1305 1568 1344 praet.
1589 1300 1698 1344 pass.)

157 1357 255 1389 Pass.
283 1359 355 1397 160,
381 1358 409 1389 1.
438 1356 619 1389 ennwtiam
640 1359 688 1401 (p.
711 1357 804 1401 869).
828 1357 981 1400 (fredam,
1003 1356 1099 1390 verb.
1120 1356 1205 1389 alias
1231 1367 1301 1388 non
1320 1355 1475 1395 obvium,
1496 1355 1639 1395 rectius,
1663 1360 1701 1388 ut

155 1413 306 1453 videtur,
329 1412 555 1446 scribendum
581 1413 725 1453 orniam,
748 1413 792 1446 ob
810 1413 923 1446 subst.
943 1413 1084 1447 (ἦεν-εον
1104 1413 1161 1457 (Ξ
1178 1425 1303 1453 cereor,
1324 1417 1434 1453 sutor,
1455 1423 1582 1445 armor.
1604 1412 1697 1456 kere)

155 1469 191 1502 in
216 1469 362 1509 Vocab„
383 1474 419 1502 et
444 1474 513 1503 vet.
533 1469 672 1502 hibern.
693 1468 819 1502 cairam
842 1469 904 1513 (gl.
925 1469 1036 1512 sutor)
1058 1469 1119 1513 Sg.
1139 1468 1246 1508 dadlfi,
1268 1469 1376 1509 curia,
1397 1474 1451 1502 est.
1474 1480 1555 1501 mox
1582 1468 1617 1501 in
1645 1468 1699 1501 his

153 1525 281 1569 glossis
299 1526 389 1566 dadl,
411 1525 546 1565 concio,
576 1526 638 1559 sed
662 1525 753 1558 infra
771 1526 807 1558 in
825 1525 861 1558 11
880 1525 956 1558 datl
974 1525 1036 1569 (gl.
1057 1525 1201 1569 forum),
1222 1525 1380 1558 (Iatlocozc
1401 1525 1463 1569 (gl.
1485 1525 1588 1569 fora).
1622 1524 1698 1558 Nu-

155 1588 206 1616 tat
231 1586 266 1615 et
290 1582 465 1616 recentior
492 1582 683 1626 scriptura;
714 1588 767 1615 est
784 1582 876 1615 enim
895 1581 1008 1615 subst.
1029 1582 1112 1614 (Ιαᾱί
1126 1581 1206 1614 Lib.
1228 1581 1340 1614 Land.
1360 1593 1395 1626 p.
1418 1583 1489 1622 113,
1510 1581 1626 1625 cladyl,
1644 1572 1696 1625 ‘pL

116 1659 122 1663 -
152 1639 286 1678 ‹Iaclleu‚
308 1638 406 1671 Mal).
428 1642 459 1679 2,
482 1642 559 1671 230.
580 1644 611 1678 25,
634 1641 687 1678 31,
704 1638 788 1671 hod.
809 1638 916 1682 (Iadyl
934 1638 990 1682 (z
1009 1642 1078 1671 vet.
1099 1638 1220 1682 (Ιαίοῖ),
1241 1649 1367 1678 sermo,
1389 1638 1595 1683 disputatio,
1617 1648 1699 1670 con·
1719 1641 1722 1645 ’

153 1695 276 1736 tentio,
298 1706 402 1728 causa
423 1694 618 1739 judicialis,
640 1695 784 1735 duclla-r,
812 1694 1024 1739 disputator,
1050 1694 1146 1727 verb.
1173 1694 1307 1734 daclleu,
1329 1695 1554 1734 contendere,
1576 1693 1696 1737 dispu-

152 1758 237 1791 tare,
259 1752 320 1784 sed
346 1751 450 1784 etiam
476 1751 560 1784 hod.
587 1751 699 1784 subst.
727 1751 855 1784 (Iarlrlal
874 1751 929 1795 (κ
949 1755 1018 1783 vet.
1045 1750 1154 1796 dado,
1184 1751 1391 1796 disputatio,
1414 1751 1510 1785 verb.
1531 1750 1693 1790 (Iaddaln,

152 1807 345 1852 disputare,
367 1819 528 1851 arguere.
558 1808 646 1841 Inde
665 1813 884 1841 contractum
905 1814 972 1841 vet.
989 1807 1127 1840 hibern.
1148 1807 1208 1840 da'l
1226 1807 1348 1851 (curia,
1363 1807 1489 1847 forum,
1503 1819 1537 1852 p.
1552 1807 1628 1851 20);
1650 1806 1694 1839 cf.

153 1863 259 1897 etiam
277 1863 377 1908 goth.
395 1864 506 1896 matlzl
526 1864 691 1908 (concio).
720 1864 885 1896 baram-es
903 1863 1177 1909 sum-ascribitur
1195 1864 1350 1908 quidem,
1367 1871 1405 1897 ut
1422 1864 1574 1902 videtur,
1592 1862 1627 1895 in
1642 1873 1698 1894 co-

152 1920 228 1952 dice
247 1919 479 1964 suprafum'a,
499 1920 653 1965 pertinet
669 1925 785 1953 tamen
805 1931 875 1953 non
894 1925 933 1953 ut
951 1920 1037 1953 alias
1055 1920 1099 1953 ad
1116 1920 1328 1961 inferiorem,
1345 1921 1407 1954 sed
1421 1920 1465 1953 ad
1480 1918 1696 1963 superiorem

153 1976 420 2009 antecedentem
446 1988 567 2010 vocem
593 1976 696 2009 linea.
733 1976 896 2010 Offcrunt
921 1976 1013 2010 enim
1040 1981 1075 2010 ct
1100 1977 1213 2010 lexica
1238 1976 1350 2010 subst.
1376 1977 1553 2015 hammes,
1575 1976 1693 2015 series,

151 2032 250 2073 ordo,
272 2032 380 2073 frons,
402 2044 432 2066 e.
452 2044 504 2077 gr.
526 2033 691 2073 militum,
713 2044 868 2078 compos.
889 2045 907 2066 e
928 2033 1041 2066 subst.
1062 2033 1152 2073 rhes,
1174 2033 1323 2077 rhcstyr,
1346 2032 1464 2072 series,
1486 2032 1580 2065 unde
1598 2031 1694 2064 verb.

152 2092 265 2122 restra
287 2088 336 2132 (in
354 2089 443 2122 serie
461 2089 661 2134 disponere)
677 2089 776 2123 Mab.
789 2092 820 2130 2,
836 2091 912 2130 24⁶2,
928 2095 963 2123 et
980 2089 1050 2134 adj.
1065 2089 1185 2129 baran,
1202 2088 1422 2129 manifestus,
1439 2089 1532 2122 unde
1547 2088 1693 2129 baram,

152 2156 330 2189 apparere,
353 2144 532 2189 ὂαναηιιῃ,
554 2146 765 2190 praesentia.

191 2227 194 2230 .
243 2201 307 2246 (4³)
335 2205 533 2246 temperam,
555 2201 591 2234 in
616 2202 737 2236 codice
765 2206 924 2246 tempam,
947 2201 1053 2235 ducta
1080 2214 1140 2247 per
1167 2214 1188 2247 p
1216 2202 1307 2235 infra
1330 2202 1461 2235 lineola
1478 2208 1583 2242 recta,
1605 2214 1694 2246 quae

151 2257 328 2302 significat
352 2270 401 2291 er.
438 2258 662 2292 Hodiernum
686 2258 782 2292 verb.
806 2259 964 2303 tymherzc
985 2257 1041 2302 (π
1061 2262 1230 2302 tympem,
1254 2262 1417 2302 tempera,
1440 2270 1474 2302 p.
1499 2259 1587 2302 157),
1610 2258 1695 2291 mol-

153 2313 227 2354 lire,
257 2314 414 2354 miseere,
437 2314 598 2358 quamvis
622 2314 753 2359 poterit
778 2315 889 2348 videri
914 2319 1171 2348 transsumtum
1195 2327 1213 2348 e
1239 2314 1300 2348 lat.
1323 2319 1523 2358 temperare,
1546 2315 1696 2358 plurima

154 2368 311 2402 derivata
328 2369 514 2414 producit:
537 2370 742 2415 tymlzeriacL
764 2370 991 2415 temperatio,
1015 2371 1260 2414 tymlzernsaw,
1281 2370 1427 2403 reddere
1446 2375 1692 2414 temperatum,

154 2426 465 2470 tymlzerwrwycld,
488 2427 721 2471 tymheroldeb
743 2431 810 2460 etc.
846 2427 1028 2460 Audacius
1046 2427 1186 2460 videtur
1204 2427 1321 2470 legere
1339 2438 1542 2470 cemperam,
1563 2438 1696 2471 eenzpa-

154 2493 228 2515 ram
250 2482 309 2527 (ob
336 2483 605 2516 similitudinem
634 2482 813 2516 literarum
841 2487 853 2515 t
871 2488 906 2516 et
923 2483 966 2527 c),
988 2483 1159 2516 hodierna
1177 2483 1366 2527 scriptione
1383 2483 1577 2526 ejsudem-qs*
1589 2483 1695 2526 (com-

152 2549 227 2582 pos.
257 2539 519 2584 cem-param),
549 2550 733 2583 comparo,
764 2538 942 2572 combino.
979 2539 1083 2579 helel,
1114 2551 1181 2572 vox
1215 2538 1358 2572 aliunde
1386 2538 1471 2570 milii
1500 2539 1692 2583 incognita,

153 2595 283 2638 poterit
306 2601 342 2628 et
366 2595 436 2640 legi
463 2595 562 2635 hecel,
584 2595 666 2639 quia
690 2607 707 2627 c
733 2600 768 2628 et
796 2595 858 2628 lin
879 2596 995 2628 media
1013 2608 1096 2629 voce
1116 2595 1451 2638 utrimquejunctae
1471 2595 1527 2627 vix
1547 2603 1697 2639 possunt

153 2649 316 2684 discerni.
339 2651 564 2695 fflciryirz‘am,
586 2652 670 2684 hod.
688 2663 864 2695 yweryru,
886 2652 1024 2685 hinnire
1046 2652 1103 2695 (cf.
1124 2663 1158 2696 p.
1178 2652 1267 2694 162).
1296 2650 1437 2690 «liniam,
1459 2661 1527 2684 vox
1546 2663 1616 2684 non
1635 2652 1695 2685 ob-

153 2707 208 2740 via
233 2707 270 2740 in
296 2708 430 2742 lexicis.
457 2719 629 2741 rannam:
659 2707 742 2740 hod.
772 2707 872 2747 rhun,
904 2720 993 2752 pars,
1016 2709 1141 2746 rhama,
1174 2707 1313 2751 par1i1·i;
1344 2711 1411 2739 vet.
1434 2707 1570 2741 hibern.
1591 2720 1693 2749 rann,

154 2774 244 2807 pare.
272 2764 460 2805 clz'clanuud,
482 2764 596 2804 elicio,
622 2764 716 2796 haud
736 2763 843 2797 dubie
861 2764 951 2796 idem
973 2765 1130 2804 verbum,
1153 2763 1247 2808 quod
1273 2763 1426 2796 occurrit
1445 2763 1478 2796 in
1501 2764 1586 2808 Leg.
1608 2767 1638 2797 2.
1666 2767 1693 2798 1.

151 2820 189 2851 31
207 2833 215 2853 :
243 2831 283 2853 or
296 2832 371 2864 pan
397 2820 554 2854 anhader
582 2823 661 2853 etan
688 2832 753 2863 ενι-ι]
771 2819 997 2853 (ΙαιΙαιιΙιιιιΙεν
1017 2819 1126 2864 (quod
1145 2819 1249 2853 vertit
1267 2818 1382 2852 editor
1399 2818 1558 2864 anglice:
1583 2818 1696 2855 “from
