1963 3202
399 123 479 163 VI.
507 124 545 161 2.
585 133 880 161 CONSTRUCTIO
903 133 1083 160 Pon‘rreA
1112 130 1393 158 RRITANNICA.
1591 118 1671 156 957

208 240 343 277 Probis
360 238 570 287 juvenibus
591 237 772 281 illudunt,

208 311 330 345 Nocte
352 307 477 342 mulso
500 306 691 343 fruuntur.
720 303 780 339 die
803 302 1010 339 dormiunt.

209 379 348 412 Seeure
372 374 453 409 sine
475 373 602 408 labore
625 371 860 411 nutriuntur,

207 442 422 479 Ecclesiam
445 439 613 475 devitant
637 442 673 474 et
696 438 893 473 tabernam
916 444 1117 483 quaerunt.

208 513 307 547 Cum
328 508 540 544 latronibus
560 505 726 554 perjuris
748 504 1027 540 consociantur.

208 577 330 613 Aulas
352 583 389 612 et
411 575 544 622 epulas
568 577 798 613 scrutantur,

209 647 411 691 Quamque
434 654 564 677 vocem
586 640 760 675 insanam
782 639 972 677 intimant.

206 712 397 758 Quodque
419 715 618 757 peceatum
641 707 801 755 capitale
824 706 1055 745 collaudant,

208 782 410 824 Quamque
432 775 703 824 profanitatem
724 775 823 810 vitae
846 775 1005 811 ducunt.

206 849 279 883 Per
300 857 412 881 omne
435 844 632 892 oppidum.
661 855 813 878 omnem
835 842 973 878 vicum,
1002 854 1154 877 0111110111
1175 841 1369 888 regionem
1392 846 1588 888 vagantur,

204 913 377 950 Pericula
400 911 532 947 mortis
555 923 631 945 non
654 915 799 953 curant,

204 984 286 1017 Nec
309 978 545 1015 domicilium
567 990 638 1013 1100
660 977 943 1024 eleemosynam
964 988 1136 1022 unquam
1158 976 1262 1012 dant.

204 1046 503 1083 Abundantibus
526 1045 619 1080 cibis
642 1044 858 1092 epulantur.

204 1115 367 1151 Psalmis
390 1119 424 1149 et
448 1113 617 1148 oratione
638 1125 716 1147 non
736 1115 910 1155 utuntur,

203 1183 383 1218 Decimas
406 1189 444 1217 et
466 1179 678 1216 oblationes
701 1179 772 1214 deo
794 1191 871 1214 11011
894 1179 1059 1219 solvunt,

203 1251 352 1285 Diebus
376 1248 484 1284 festis
507 1253 543 1283 01
566 1246 766 1282 dominicis
789 1259 865 1281 non
887 1252 1129 1283 venerantur.

202 1317 365 1363 vigilias
388 1323 424 1352 et
447 1314 696 1351 caerimonias
718 1326 795 1349 non
818 1315 1036 1350 observant.

202 1388 307 1421 Aves
329 1384 472 1420 volant,
499 1383 625 1430 pisces
647 1387 794 1419 natant.

201 1454 309 1500 Apes
330 1450 565 1487 mellificant.
593 1462 740 1485 vermes
762 1456 913 1498 repunt„

202 1519 375 1560 Quodvis
398 1524 576 1565 operatur
597 1517 645 1552 ad
667 1517 977 1564 consequendam
998 1517 1246 1553 nutritionem

196 1586 381 1633 Exceptis
406 1585 528 1621 Cleris
552 1592 587 1620 01
609 1584 822 1620 latronibus
843 1585 962 1632 pigris
984 1585 1199 1621 inutilibus.

202 1694 291 1728 Non
313 1692 551 1739 reprehendo
575 1704 644 1739 ego
667 1696 821 1727 cantum
843 1697 879 1727 et
902 1696 1098 1727 cantorum
1121 1699 1253 1729 artem,

200 1762 302 1796 Nam
324 1761 418 1795 deus
442 1772 485 1795 ea
507 1760 612 1796 dedit
634 1763 765 1795 eontra
785 1759 907 1795 malae
930 1759 1120 1797 tristitiae.

201 1827 288 1862 Nisi
312 1840 399 1862 011111
422 1827 487 1874 qui
510 1840 553 1863 ea
575 1827 653 1874 agit.
673 1827 806 1874 iniquo
828 1840 902 1863 usu

202 1894 265 1929 Ad
288 1894 647 1941 reprehendendum
667 1895 690 1930 J
694 1907 803 1930 esum
825 1894 987 1942 ejusque
1011 1884 1251 1929 servitium.”

228 1992 398 2030 Praeter
420 2005 687 2031 communem
709 1992 904 2045 copulam
923 1997 1016 2031 -cmt
1032 1990 1305 2031 enarrationis
1322 1991 1665 2044 reprehendentis

113 2069 152 2101 et
177 2061 286 2101 -aelle
312 2061 506 2114 strophae
528 2061 666 2101 finalis
689 2062 733 2101 in
754 2061 951 2101 membris
973 2061 1082 2101 hanc
1103 2061 1450 2114 praecedentibus
1470 2062 1664 2101 omnibus

113 2131 302 2171 laterales
320 2131 584 2171 assonantiae
602 2139 641 2171 et
659 2132 848 2172 internae
866 2131 1156 2180 inveniuntur,
1178 2146 1283 2184 quae
1301 2139 1441 2172 tamen
1460 2146 1544 2172 non
1560 2147 1664 2172 sem-

112 2216 186 2255 per
203 2208 302 2240 sunt
319 2201 481 2254 plenae.
517 2203 553 2241 T
556 2202 853 2242 erminationes
871 2202 972 2252 -ίοη,
994 2201 1099 2251 -iau,
1121 2202 1244 2251 -v‘cmt,
1266 2217 1371 2256 quae
1394 2202 1589 2242 videntur
1605 2203 1665 2242 bi-

113 2271 310 2324 syllabae,
326 2272 376 2310 ob
386 2278 565 2311 metrum
579 2272 645 2311 hic
658 2272 798 2326 potius
808 2273 1120 2326 monosyllabae
1131 2274 1343 2326 putandae
1353 2280 1453 2312 sunt
1464 2273 1563 2325 (leg.
1577 2273 1666 2324 :jon

113 2349 230 2393 et(·.)‚
253 2341 324 2380 sed
346 2341 612 2383 constituunt
632 2342 858 2396 bisyllabas
876 2343 1136 2383 assonantias
1155 2344 1389 2383 accedendo
1407 2345 1457 2382 ad
1477 2344 1662 2382 internas

113 2411 155 2450 in
175 2411 343 2450 vocibus
362 2411 554 2451 indicatis
569 2412 819 2465 ywirionion
832 2413 1032 2468 (Idymen,
1044 2413 1232 2468 ychsliau
1246 2413 1456 2453 ”marilian
1469 2413 1657 2465 aliisque.

227 2481 414 2524 Quodvis
436 2482 671 2521 membrum
693 2497 842 2522 novem
861 2483 1116 2536 syllabarum
1134 2498 1222 2523 esse
1241 2483 1360 2523 solet.
1394 2482 1478 2522 Hic
1497 2497 1662 2535 quoque

112 2550 282 2604 scriptio
315 2559 479 2590 vetusta
510 2551 704 2592 restituta
734 2553 995 2593 assonantias
1024 2553 1207 2593 initiales
1238 2552 1465 2592 recentiore
1487 2552 1663 2592 abolitas

112 2621 286 2670 reducit,
313 2636 349 2661 e.
374 2637 436 2671 gr.
471 2622 514 2661 in
543 2622 632 2661 his:
663 2622 903 2676 quirionion
931 2627 936 2675 Ι
963 2623 1194 2663 morov'm'on
1222 2626 1226 2674 Ι
1254 2622 1378 2670 mair,
1404 2636 1478 2675 pro
1496 2623 1662 2677 forn-y-

112 2691 209 2731 nion
237 2692 361 2732 φηαίν.
410 2692 475 2731 Fit
505 2692 582 2731 110(-
614 2693 835 2746 praecipue
866 2695 910 2734 in
939 2701 1119 2747 quatuor
1140 2693 1284 2747 primis
1306 2691 1518 2740 membris,
1545 2707 1662 2732 orua-

115 2761 166 2799 tis
195 2776 292 2814 prae
321 2762 516 2802 omnibus
539 2762 646 2811 aliis,
673 2770 714 2802 et
735 2763 779 2803 in
802 2764 961 2804 ultimis
984 2771 1177 2817 quatuor,
1203 2778 1275 2816 per
1297 2777 1402 2814 quae
1424 2762 1661 2802 assonautia

115 2846 134 2865 r·
156 2831 374 2872 dominans
397 2848 444 2872 eo
466 2834 589 2872 modo
611 2833 770 2886 prodit:
