1963 3202
209 123 290 163 772
376 123 430 162 V.
460 127 495 162 1.
541 135 781 163 nEvarro
803 135 986 162 GALLICA
1008 135 1061 162 ET
1083 134 1327 162 HIBERNICA
1349 135 1571 163 TENUIUM.

206 234 371 275 Galliae
392 234 607 274 nominata
629 249 651 274 a
669 234 807 274 fluviis
826 235 976 283 Avara,
997 234 1171 283 Autara,
1194 234 1290 274 hod.
1312 234 1433 283 Evm,
1456 234 1601 287 Eure).
1635 235 1745 288 Age-

205 305 346 345 dicum
367 306 485 344 Caes.
527 303 779 344 Minaticum
801 304 931 356 (Gall.
956 304 1056 357 loc.)
1080 304 1181 344 Itin.
1206 305 1308 343 Ant.
1348 303 1602 344 Aventicum
1623 304 1746 356 (Hel-

204 381 287 415 vet.
313 376 456 428 caput)
480 374 579 412 Tac.
625 374 718 413 OC:
749 368 906 426 Ὀβόκα
928 373 1046 424 (fluv.
1071 374 1275 426 Hibern.)
1299 374 1409 413 Ptol.
1451 373 1746 414 Durocobrivis

205 443 418 495 (Britann.
443 443 541 491 loc.,
566 442 594 482 i.
620 457 655 481 e.
688 457 793 495 pons
825 444 1039 492 Durocae3
1071 444 1123 483 cf.
1158 443 1447 483 Samarobriva
1475 444 1616 496 Caes.)
1640 443 1743 483 Itin.

204 515 306 554 Ant.
323 513 488 552 Bibroci
507 513 626 552 Caes.
653 512 729 552 UC
745 527 752 551 :
773 510 960 567 ταυροίκ
973 513 1118 565 (herba
1133 512 1378 566 gladiatoria
1389 513 1542 565 Gallis)
1555 513 1743 553 Dioscor.

206 589 245 633 4,
268 588 335 624 99.
358 581 533 628 Sunuci,
555 581 767 622 Aduatuci
785 583 899 636 (pop.
919 583 1051 636 belg.)
1075 583 1189 622 Plin.
1211 584 1329 623 Caes.
1353 583 1563 635 Sparucus
1582 583 1746 635 (Tribo-

204 656 295 707 cus)
314 652 510 706 Inscript.
528 652 658 692 Orell.
677 656 800 691 3408.
821 654 994 692 Banuca
1007 654 1138 705 (nom.
1154 653 1273 705 sem.)
1286 653 1416 692 Orell.
1433 657 1558 692 4900.
1578 653 1748 692 Rasuco

204 724 334 765 Orell.
357 727 480 763 2775.
501 722 698 764 Visucius
722 722 860 775 (deus)
883 721 1080 775 Inscript.
1102 723 1233 763 Orell.
1256 726 1380 762 2067.
1408 722 1541 762 Stein.
1558 726 1624 762 63.
1649 727 1742 761 131.

317 794 357 847 b)
389 794 498 834 Cum
519 792 730 833 vocalibus
751 791 979 846 productis.
1024 792 1401 846 Frequentissimae
1423 799 1523 832 sunt
1543 792 1747 831 formulae

201 865 436 906 derivantes
456 850 547 912 AC,
574 849 672 903 IAC
685 895 697 912 ,
725 863 813 916 jam
851 863 1097 903 statuendae
1134 862 1178 902 in
1215 862 1376 916 gallicis
1417 862 1658 901 nominibus
1687 861 1746 901 vi-

199 950 362 976 rorum:
404 934 615 987 Galgacus
653 934 751 973 Tac.
787 933 1036 973 Dumnacus
1066 933 1186 973 Caes.
1234 933 1449 986 Neptacus
1464 964 1475 980 ,
1513 932 1555 971 N
1559 931 1746 984 epitacus

201 1005 399 1058 Inscript.
425 1004 554 1044 Orell.
581 1008 705 1042 4595.
732 1003 950 1056 Magiacus
973 1003 1103 1044 Orell.
1130 1007 1255 1042 4900.
1284 1001 1535 1049 Divitiacus5
1559 1001 1745 1041 Valetia-

201 1090 273 1115 cus
296 1075 434 1123 Caes„
470 1074 522 1113 ad
551 1087 656 1125 quae
686 1073 845 1112 accedit
875 1088 1030 1113 nomen
1058 1072 1206 1126 populi
1235 1071 1474 1125 Segontiaci
1505 1072 1625 1111 Caes.
1669 1072 1747 1110 Est

201 1145 312 1186 enim
328 1158 482 1185 nomen
501 1143 670 1183 obvium
686 1143 731 1182 in
747 1142 1019 1196 inscriptione
1035 1150 1200 1183 vetusta
1217 1144 1443 1182 Caratacus
1461 1140 1531 1193 (cf.
1553 1141 1745 1181 Caracta-

200 1230 272 1256 cus
291 1216 413 1268 Tac.)
436 1214 572 1254 adhuc
594 1214 706 1266 apud
726 1213 904 1266 populos
926 1212 1180 1252 britannicos
1201 1211 1328 1252 medii
1349 1210 1439 1250 aevi
1459 1210 1580 1250 valde
1600 1210 1745 1262 vulga-

201 1292 291 1325 tum
322 1292 363 1324 et
392 1299 487 1323 cum
508 1282 641 1324 vocali
662 1283 865 1336 producta
885 1282 1071 1323 finientis
1094 1281 1362 1322 derivationis
1383 1281 1594 1334 prolatum
1616 1282 1675 1334 (p.
1704 1286 1744 1318 6.

201 1360 268 1395 96.
301 1360 391 1394 110.
422 1356 532 1407 112).
584 1355 640 1394 Et
672 1354 894 1393 concordat
924 1367 1077 1393 nomen
1107 1354 1322 1400 Benacus,
1355 1351 1426 1392 vix
1456 1365 1542 1391 non
1571 1349 1746 1403 gallicae

199 1424 385 1478 originis,
411 1425 523 1478 apud
544 1430 702 1464 veteres
723 1427 866 1477 poetas
890 1426 949 1477 (p.
980 1426 1064 1477 18).

311 1494 476 1536 Passim
496 1500 721 1534 occurrunt
741 1495 910 1534 eaedem
931 1494 1132 1535 formulae
1153 1508 1250 1534 cum
1271 1493 1563 1534 terminatione
1581 1493 1743 1547 generis

199 1564 389 1605 neutrius
410 1565 455 1604 in
476 1564 718 1604 nominibus
740 1565 925 1607 locorum
945 1564 1105 1619 gallicis
1129 1570 1214 1604 tam
1234 1579 1286 1605 ex
1304 1571 1439 1604 aetate
1455 1565 1745 1604 Romanorum

201 1650 326 1689 quam
356 1649 377 1675 e
398 1635 639 1675 recentiore.
682 1635 862 1675 Subesse
882 1634 947 1674 his
968 1634 1140 1674 nomina
1159 1634 1343 1674 virorum
1363 1634 1498 1683 villas,
1524 1634 1651 1682 vicos,
1673 1648 1745 1687 op-

200 1706 298 1760 pida
319 1705 590 1746 condentium
610 1705 676 1745 vel
697 1705 1002 1758 possidentium
1025 1706 1188 1757 (eodem
1209 1706 1331 1745 modo
1353 1712 1401 1745 ut
1422 1704 1663 1744 nominibus
1685 1704 1743 1744 10-

201 1790 345 1817 corum
366 1775 614 1829 germanicis
635 1775 679 1815 in
700 1775 832 1829 -τήῃα,
857 1775 1018 1829 -inqum
1039 1775 1140 1815 item
1162 1774 1544 1828 frequentissimis),
1564 1774 1654 1828 jam
1674 1789 1745 1828 pa-

200 1854 260 1886 tet
276 1861 298 1886 e
314 1845 611 1886 vetustioribus
629 1845 899 1899 quibusdam:
922 1846 1164 1885 Turnacum
1182 1846 1298 1898 (hod.
1315 1846 1513 1899 Tournay
1524 1861 1534 1893 3
1556 1846 1742 1892 Turnus,

199 1931 313 1956 nom.
338 1915 417 1955 viri
437 1915 481 1954 in
500 1915 645 1955 Sidon.
671 1915 793 1969 epist.
816 1920 853 1963 4,
878 1919 963 1967 24),
984 1915 1261 1956 Nemetacum
1283 1915 1379 1967 (100.
1400 1915 1534 1967 belg.;
1561 1914 1613 1953 cf.
1638 1913 1745 1953 viro-

200 2000 294 2027 rum
324 1985 496 2025 nomina
525 1984 684 2033 IWmet,
718 1986 870 2024 Nemet
897 1999 940 2037 p.
970 1989 1063 2024 100.
1094 1987 1190 2037 102)
1223 1985 1326 2024 Tab.
1362 1986 1485 2024 Peut.
1512 1983 1612 2022 Itin.
1638 1983 1741 2022 Ant.

199 2056 422 2099 Avitacum
446 2054 681 2109 (praedium
701 2053 835 2106 Aviti)
859 2053 1004 2093 Sidon.
1030 2053 1151 2107 epist.
1178 2056 1216 2102 2,
1241 2058 1279 2092 2.
1304 2055 1574 2093 Brennacum
1596 2054 1744 2105 (Bren-

200 2140 305 2175 nus,
338 2140 492 2166 nomen
520 2124 721 2178 gallicum
749 2123 1034 2175 notissimum)
1063 2122 1191 2175 Greg.
1223 2123 1325 2162 Tur.
1352 2127 1390 2171 4,
1419 2126 1485 2162 22.
1513 2128 1581 2162 47.
1609 2127 1647 2171 5,
1675 2126 1740 2161 35.

202 2197 376 2249 Fredeg.
399 2200 465 2235 55.
491 2194 718 2243 ι111110011111,
742 2193 1005 2233 Tiberiacum
1027 2192 1155 2244 (inter
1170 2192 1373 2232 Rhenum
1394 2199 1435 2232 et
1452 2193 1641 2240 Mosam3
1667 2192 1744 2231 Ju-

202 2266 298 2315 lius,
320 2265 530 2318 Tiberius)
549 2264 650 2305 Itin.
672 2264 938 2304 Abudiacum
956 2261 1147 2314 (Raetiae
1164 2262 1242 2302 loc.
1258 2278 1269 2310 3
1290 2262 1484 2302 Abudius
1502 2263 1624 2313 Tac.)
1640 2260 1741 2300 Itin.

200 2335 474 2377 Catusiacum
495 2335 592 2387 (loc.
617 2335 728 2387 belg.
748 2350 758 2382 ;
784 2334 837 2374 cf.
858 2334 1014 2373 Catuso
1035 2331 1080 2371 in
1101 2331 1308 2385 inscript„
1328 2348 1370 2386 p.
1395 2334 1492 2384 725)
1516 2331 1618 2371 Itin.
1638 2331 1741 2370 Ant.

203 2405 520 2446 Solimariacum
538 2405 634 2456 (loc.
655 2405 707 2443 ad
725 2405 888 2445 Mosam
905 2416 1142 2455 supremam
1156 2418 1166 2449 ;
1188 2402 1239 2440 cf.
1257 2402 1451 2442 Solimari
1467 2402 1527 2441 fil.
1545 2400 1741 2453 Inscript.

202 2475 336 2515 Stein.
366 2476 463 2527 324)
488 2473 589 2514 Itin.
616 2474 717 2513 Ant.
763 2473 933 2513 Possint
955 2472 1099 2511 eadem
1120 2478 1161 2510 et
1182 2471 1323 2511 reduci
1345 2471 1557 2511 interdum
1577 2471 1629 2510 ad
1650 2471 1744 2509 deo-

202 2560 294 2584 rum
326 2544 392 2583 vel
415 2545 587 2583 dearum
608 2543 793 2591 nomina,
819 2557 854 2582 c.
879 2556 940 2595 gr.
966 2542 1044 2581 hoc
1066 2540 1205 2593 ipsum
1227 2541 1543 2580 Solimariacum
1565 2541 1615 2580 ad
1639 2539 1744 2579 Soli-

201 2629 381 2663 maram,
416 2613 534 2667 cujus
571 2612 684 2653 aedis
714 2614 762 2652 fit
793 2612 951 2652 mentio
982 2610 1026 2650 in
1056 2610 1330 2663 inscriptione
1360 2625 1426 2662 ap.
1460 2610 1588 2649 Orell.
1617 2614 1742 2656 2050,

201 2684 532 2738 Magontiacum‚
562 2681 878 2734 Mogontiacum
907 2681 959 2720 ad
990 2681 1114 2719 deum
1148 2681 1392 2732 Mogontem
1415 2680 1509 2731 ((1Ὁο
1532 2678 1740 2731 lllogonffi,

198 2755 395 2808 Inscript.
420 2753 628 2804 britann.)
651 2751 779 2791 Orell.
808 2754 930 2798 2026,
958 2756 1005 2788 ut
1027 2748 1278 2788 Aventicum
1305 2750 1357 2788 ad
1378 2749 1497 2787 dcam
1519 2747 1743 2787 Aventiam

202 2822 460 2866 wastitiam?
478 2823 528 2862 cf.
550 2838 592 2875 p.
612 2822 697 2872 97).
734 2821 815 2861 Sed
838 2833 978 2860 annon
997 2818 1120 2858 ctiam
1140 2818 1216 2857 hoc
1235 2833 1254 2857 a
1274 2817 1416 2865 fluvio,
1438 2824 1483 2856 ut
1502 2816 1740 2863 Avaricum,
