1963 3202
585 756 895 829 LIBER
955 761 1414 839 QUINTUS.

281 1046 383 1098 DE
425 1042 963 1096 DERIVATIONE
1005 1041 1101 1094 ET
1143 1039 1731 1093 COMPOSITIONE.

348 1212 482 1252 Voces
511 1208 723 1263 simplices
750 1206 866 1247 omni
885 1207 1066 1248 flexione
1088 1213 1129 1247 et
1151 1206 1266 1246 omni
1287 1205 1446 1260 syllaba
1467 1204 1693 1245 accessoria
1714 1219 1779 1245 ca-

236 1290 388 1331 rentes,
409 1293 580 1321 sensum
598 1286 739 1319 tamen
756 1277 1056 1331 significantes,
1077 1276 1284 1317 elementa
1298 1275 1611 1324 vocabulorum,
1627 1274 1779 1328 quibus

236 1352 371 1394 omnis
393 1351 540 1404 lingua
560 1356 738 1398 constat,
759 1348 952 1402 cognitae
972 1347 1162 1388 radicum
1181 1347 1247 1387 vel
1267 1360 1418 1386 vocum
1438 1344 1683 1385 radicalium
1706 1359 1781 1384 no-

235 1423 364 1471 mine,
389 1421 435 1461 in
464 1419 621 1460 celticis
650 1418 808 1473 linguis
837 1417 1147 1472 monosyllabae
1177 1415 1467 1464 inveniuntur,
1491 1421 1540 1455 ut
1565 1414 1611 1454 in
1633 1415 1780 1455 ceteris

236 1491 394 1546 linguis
426 1490 639 1531 affinibus.
692 1488 913 1542 Ejusmodi
942 1488 1121 1541 syllabas
1150 1486 1351 1527 radic-ales
1377 1485 1467 1540 jam
1496 1499 1570 1539 per
1597 1499 1640 1525 se
1672 1485 1783 1526 solae

237 1563 399 1604 vocales
429 1561 591 1601 efficere
619 1565 812 1613 possunt,
838 1557 989 1612 quibus
1019 1557 1052 1597 si
1075 1558 1279 1597 accedunt
1300 1557 1351 1597 ab
1372 1563 1549 1609 utroque
1569 1555 1697 1596 latere
1718 1555 1784 1595 vel

239 1648 324 1674 una
355 1645 539 1673 consona
567 1630 634 1670 Vel
662 1630 769 1670 duae
797 1642 1024 1677 connexae,
1051 1642 1133 1681 quo
1163 1628 1274 1667 fiunt
1293 1625 1656 1666 numerosissimae
1677 1625 1784 1666 radi—

240 1718 320 1752 ces,
346 1703 409 1743 vel
442 1701 569 1741 etiam
597 1707 693 1748 tres,
719 1713 802 1752 quo
832 1698 1048 1752 pauciores
1074 1697 1282 1746 oriuntur,
1308 1695 1488 1737 discerni
1507 1702 1686 1750 possunt
1706 1695 1785 1735 sor-

240 1774 379 1814 mulac
401 1772 467 1812 vel
488 1772 639 1811 classes
660 1769 849 1810 radicum
869 1768 962 1808 hae.

355 1843 392 1882 I.
439 1842 537 1882 Sola
564 1840 718 1881 vocalis
748 1839 930 1879 radicem
955 1837 1239 1878 constituens:
1265 1851 1307 1885 a,
1331 1851 1352 1876 e
1373 1838 1542 1890 (pronn.
1567 1837 1783 1889 possess),

244 1930 263 1953 ι
285 1913 396 1965 (ire),
422 1916 443 1951 ὀ
466 1914 550 1964 (ex,
576 1913 633 1963 a),
659 1925 715 1950 (zu
737 1910 918 1962 (nepos).

359 1983 420 2022 II.
465 1979 602 2021 Unica
632 1993 814 2019 consona
840 1977 1066 2017 inchoans:
1102 1991 1179 2025 me,
1212 1990 1292 2025 mo,
1318 1977 1385 2025 do,
1413 1981 1455 2017 tu
1485 1974 1784 2029 (pronomina),

245 2068 328 2101 ma,
353 2052 414 2100 ni,
438 2065 508 2098 na,
533 2050 584 2090 do
606 2048 887 2103 (particulae).

359 2122 445 2162 III.
491 2119 628 2160 Unica
649 2133 833 2159 consona
852 2117 1025 2157 finiens:
1052 2116 1099 2156 al
1117 2116 1279 2168 (alere),
1303 2130 1356 2170 aq
1379 2115 1560 2169 (timere)
1584 2123 1662 2155 etc.

361 2193 439 2233 IV.
485 2189 622 2231 Unica
657 2202 840 2229 consona
875 2186 1078 2227 inchoans
1114 2193 1156 2226 et
1190 2186 1365 2226 finiens:
1407 2186 1477 2226 ber
1510 2186 1670 2238 (ferre),
1696 2199 1786 2239 θεν,

249 2266 382 2315 (vox),
399 2275 487 2315 par
509 2261 705 2313 (parare),
731 2264 800 2299 cat
819 2259 1014 2311 (pugna),
1040 2257 1126 2297 dem
1149 2256 1388 2310 (oppidum)
1410 2264 1489 2296 etc.

361 2333 415 2374 V.
459 2331 580 2371 Duae
602 2343 807 2369 consonae
828 2327 1096 2368 inchoantes:
1125 2327 1182 2368 tri
1202 2329 1337 2379 (tres),
1364 2332 1425 2368 tre
1447 2328 1554 2380 (per)
1578 2332 1657 2365 etc.

361 2403 440 2443 VI.
484 2402 606 2441 Duae
636 2413 842 2439 consonae
866 2398 1083 2438 finientes:
1120 2397 1203 2446 alb,
1229 2398 1300 2450 alp
1323 2398 1494 2450 (mons),
1520 2395 1595 2435 arb
1618 2395 1788 2447 (heres),

249 2475 332 2515 ard
351 2472 498 2526 (altus)
520 2477 599 2511 etc.

364 2543 467 2583 VH.
515 2542 634 2580 Duae
664 2553 870 2579 consonae
900 2537 1082 2577 initiales
1113 2552 1208 2578 cum
1241 2537 1365 2577 unic-a
1391 2536 1531 2576 finali:
1565 2536 1666 2583 bret,
1701 2535 1796 2574 brat

253 2612 514 2667 (judicium),
542 2611 632 2663 ὂνῖρ
655 2609 821 2661 (valor),
847 2607 934 2661 clle'q
957 2609 1157 2661 (debere).

364 2682 493 2723 VIII.
540 2679 677 2720 Unica
708 2692 889 2719 consona
920 2678 1122 2718 inchoans
1155 2692 1252 2717 cum
1281 2676 1443 2716 duabus
1476 2673 1788 2715 terminalibus:

253 2767 345 2805 very
369 2752 569 2802 (efficax),
597 2750 687 2790 dell>
711 2750 896 2802 (figura),
925 2748 1018 2800 dely
1041 2748 1240 2795 (condole,
1267 2744 1538 2799 comparatio)
1561 2752 1639 2783 etc.
