1963 3202
551 133 604 172 V.
632 136 670 171 2.
715 145 976 173 composrrm
998 145 1192 173 CELTICA.
1567 136 1647 176 819

100 247 201 287 sinit
223 246 349 286 ctiam
370 244 622 285 intercedere
643 243 753 283 inter
773 258 892 284 voces
908 244 1148 298 jungendas
1171 246 1486 299 compositione,
1511 247 1647 300 prisca

99 317 250 370 gallica
279 330 326 356 eo
356 322 521 355 tantum
553 313 703 362 differt,
730 315 843 367 quod
872 329 947 367 pro
978 331 1004 355 a
1034 322 1096 356 est
1127 331 1163 365 o,
1197 330 1303 369 quae
1332 322 1374 355 ct
1400 316 1491 368 ipsa
1511 325 1648 370 potest

100 386 226 427 inseri
265 393 359 439 post
396 385 412 424 i
441 391 482 424 ct
513 399 562 432 u,
597 397 704 437 quae
744 383 846 424 alias
878 384 1146 426 intercedunt
1176 385 1266 425 sinc
1295 400 1356 425 ea.
1410 386 1555 439 Hujus
1583 403 1644 428 re-

99 457 222 510 gulae
253 455 445 509 cxcmpla
473 460 637 494 vetusta
659 453 749 506 jam
777 468 905 507 supra
926 464 1170 495 enumerata
1192 462 1292 495 sunt
1314 457 1373 509 (p.
1401 461 1420 494 7
1429 458 1515 510 24).
1562 458 1645 497 Ex-

100 527 314 581 cipiuntur
341 526 392 565 ab
420 539 467 564 ea
489 523 749 563 solummodo
770 524 999 577 particulae
1021 526 1259 565 desinentes
1281 532 1355 565 aut
1376 526 1419 565 in
1441 541 1644 568 consonas

101 597 350 644 (In-subres,
383 594 604 642 Con-date,
630 594 965 643 Ver—nemetum,
991 595 1251 643 Ad-minius,
1278 596 1644 650 Ex-cincomarus)

100 675 172 706 aut
201 667 245 706 in
276 682 296 705 e
318 663 596 717 (Arc-morici,
629 665 910 712 Ate—boduus,
945 665 1344 717 Amlc-camulum),
1370 681 1489 707 voces
1520 682 1643 721 quae-

99 737 194 776 dam
219 735 462 775 terminatae
485 734 643 787 syllaba
665 734 718 774 -2'3
741 735 915 774 obscura
938 734 1248 784 (Civis-marus,
1274 735 1518 785 Atis-mara,
1544 738 1643 777 Car-

99 806 368 853 ris-mandua,
389 804 659 856 Ratis-bona)
678 811 803 857 atque
826 818 911 843 una
931 804 997 843 vel
1019 804 1151 844 altera
1171 819 1252 844 vox
1275 819 1380 857 quae
1402 805 1446 845 in
1462 806 1644 846 mediam

98 875 292 915 desinens
324 874 456 914 vocali
482 874 690 927 jungente
720 874 883 914 facilius
913 888 1049 913 carere
1070 873 1209 928 potuit
1231 876 1544 927 (Lug-dunum,
1570 891 1644 929 pro

99 961 179 998 quo
202 946 336 985 adhuc
358 951 494 984 exstat
516 944 816 997 Lugodunum,
843 945 1149 998 Lugudunum,
1170 945 1440 994 coh-nortus,
1462 947 1643 986 Bod-va—

97 1017 200 1065 cius,
226 1014 588 1068 Vod-goriacum).

211 1086 312 1125 Tres
342 1085 434 1124 illas
464 1091 650 1123 vetustas
678 1084 838 1124 vocales
861 1084 1190 1138 compositionis,
1217 1099 1322 1138 quae
1343 1086 1518 1126 deficere
1539 1085 1642 1126 inci-

97 1156 221 1209 piunt
247 1155 334 1207 jam
365 1154 409 1194 in
430 1153 563 1207 prisca
585 1153 746 1205 lingua,
772 1160 866 1205 post
888 1155 1179 1194 Romanorum
1200 1162 1380 1195 aetatem
1400 1156 1535 1209 magis
1556 1171 1643 1196 ma—

97 1226 242 1278 gisque
265 1224 460 1264 defecisse
482 1224 579 1263 inde
601 1223 885 1275 colligendum
906 1231 982 1272 est,
1005 1225 1115 1277 quod
1136 1239 1189 1264 ne
1210 1239 1296 1265 una
1318 1225 1487 1278 quidem
1505 1227 1643 1267 adhuc

98 1303 286 1349 superest
307 1295 350 1334 in
372 1293 657 1334 monumentis
681 1300 766 1333 tam
787 1292 1027 1333 hibernicae
1048 1293 1220 1346 linguae
1242 1309 1367 1347 quam
1382 1295 1643 1337 britannicae

97 1366 224 1405 ctiam
255 1363 563 1405 vetustissimis.
619 1363 807 1416 Vestigia
835 1370 998 1412 tamen,
1034 1364 1145 1416 quod
1175 1363 1385 1405 adfuerint
1413 1368 1639 1418 quondam,

96 1434 239 1474 relicta
262 1448 350 1473 csse
372 1433 595 1473 inficiendo
618 1447 845 1473 consonam
862 1433 1131 1473 inchoantem
1148 1433 1259 1474 vocis
1272 1435 1515 1487 'posterioris
1533 1451 1641 1476 com—

95 1504 235 1557 positi,
255 1503 344 1556 jam
366 1519 488 1557 supra
513 1505 847 1543 demonstratum
869 1511 931 1543 cst
954 1505 1013 1556 (p.
1043 1508 1136 1542 191.
1166 1507 1279 1556 192).

209 1574 451 1627 Composita
473 1574 563 1628 ipsa
583 1574 803 1627 utriusque
824 1573 995 1626 linguae
1016 1573 1220 1622 residuae,
1242 1574 1481 1615 hibernicae
1503 1583 1544 1616 et
1558 1576 1640 1616 bri-

95 1644 310 1693 tannicae,
346 1644 499 1684 abhinc
530 1645 814 1684 enumeranda
845 1651 944 1683 sunt
975 1645 1209 1694 secundum
1239 1644 1429 1685 ordinem
1458 1646 1642 1699 partium

95 1714 307 1754 orationis.
354 1714 678 1767 Subjungcntur
705 1714 749 1754 in
771 1715 855 1753 fine
876 1714 1174 1767 decomposita,
1200 1714 1228 1754 i.
1255 1729 1290 1754 e.
1317 1729 1338 1754 e
1359 1715 1549 1768 pluribus
1572 1731 1639 1756 vo—

95 1784 211 1824 cibus
243 1784 483 1837 composita.
529 1784 771 1824 Hibernicis
804 1784 930 1823 etiam
958 1783 1026 1823 hic
1057 1784 1380 1836 praemittentur
1400 1785 1552 1838 gallica
1572 1801 1639 1826 ve-

95 1862 205 1893 tusta
227 1854 429 1906 exempla.

402 2245 439 2289 1.
517 2243 908 2304 Compositio
965 2244 1318 2290 hibernica.

523 2412 575 2450 A.
625 2411 850 2451 Nomina
881 2411 1192 2464 composita.

201 2557 275 2596 Est
305 2557 412 2596 idem
445 2571 606 2609 semper
634 2557 912 2610 componendi
932 2558 1097 2606 modus,
1123 2557 1209 2597 sive
1231 2558 1343 2611 prior
1364 2558 1541 2597 duarum
1565 2572 1631 2597 vo-

87 2640 181 2665 cum
203 2634 263 2665 est
285 2626 458 2679 genitivi
481 2627 545 2666 vcl
567 2627 673 2666 alius
696 2641 814 2666 casus
837 2627 940 2676 loco,
967 2630 1052 2668 sive
1073 2627 1323 2668 nominativi
1347 2628 1411 2666 vcl
1434 2627 1629 2680 appositi,

88 2704 131 2735 ut
154 2696 200 2736 fit
222 2696 264 2736 in
285 2696 473 2736 ‹lialcctis
495 2696 666 2737 celticis.

203 2771 237 2805 1.
281 2766 643 2806 substantiva
683 2782 795 2806 cum
836 2767 1220 2808 substantivis.
1275 2767 1455 2807 Vetusta
1482 2767 1635 2821 gallica

89 2835 256 2875 nomina
277 2836 456 2888 plurima
478 2838 560 2876 duo
583 2837 845 2877 substantiva
868 2838 1037 2885 sistunt,
1064 2837 1307 2890 pracsertim
1332 2837 1373 2877 in
1398 2838 1549 2890 quibus
1573 2854 1633 2877 se-

1273 2905 1353 2942 23⁴2*
