1963 3202
662 75 682 102 ὗ

268 73 350 111 914
554 72 632 112 VI.
662 101 699 110 fl.
745 84 1040 111 CONSTRUCTIO
1062 85 1244 112 ΡοΕΤῐςΑ
1272 86 1528 114 HIBERNICA.

269 192 332 224 est
357 198 499 224 versus
523 185 701 223 duorum
722 184 1004 224 membrorum
1025 198 1121 224 cum
1143 192 1254 224 certo
1277 185 1531 239 syllabarum
1553 200 1742 235 numero,
1769 195 1818 227 ut

270 254 353 294 sint
383 255 466 293 duo
497 253 592 302 loci,
619 268 639 293 e
668 253 820 306 quibus
848 254 1089 294 assonantia
1119 254 1336 308 disposita,
1365 270 1448 294 una
1479 256 1642 305 saltem,
1667 256 1817 296 melius

270 324 409 377 plures
424 356 434 372 ,
471 323 548 363 sibi
584 324 848 376 respondeat.
892 323 1047 363 Rarius
1084 331 1309 364 occurrunt
1345 339 1488 364 versus
1525 325 1652 365 trium
1687 340 1816 366 mem-

269 395 452 434 brorum.
497 394 551 432 In
581 408 611 432 11
621 407 685 432 na
713 392 861 433 linea
890 392 1131 433 scribuntur
1152 393 1251 434 bina
1272 395 1458 434 membra
1479 394 1524 434 in
1545 395 1772 435 codicibus.

384 465 437 503 In
467 462 531 503 his
563 477 706 503 versus
737 462 933 503 membris
965 463 1206 503 assonantia
1236 464 1405 517 quaevis
1436 464 1695 518 disponitur,
1733 473 1817 505 tam

270 534 460 583 initialis,
486 548 613 586 quam
635 532 789 581 finalis,
815 533 881 573 vel
902 532 1028 572 etiam
1049 533 1309 583 intermedia,
1336 534 1371 574 si
1392 535 1524 584 adest,
1550 536 1601 575 ob
1623 542 1818 575 ornatum

271 611 438 645 tantum
468 604 682 660 interdum
711 603 853 643 addita
878 617 955 642 nec
978 610 1137 643 certum
1158 604 1296 644 locum
1317 619 1507 658 poscens.
1550 605 1733 645 Initialis
1756 620 1818 645 as-

271 674 465 715 sonantia
492 689 579 714 11011
609 674 746 714 solum
774 673 819 713 in
848 674 1012 713 duobus
1043 687 1185 714 versus
1206 674 1417 723 membris,
1443 683 1517 714 aut
1538 675 1582 714 in
1605 675 1726 715 initio
1748 690 1818 715 011-

265 745 400 799 jusvis
422 744 559 798 posita
579 752 653 784 aut
674 744 718 783 in
739 743 890 793 medio,
917 744 1127 797 disparata
1149 758 1236 783 esse
1257 752 1408 797 potest,
1435 760 1560 798 quam
1581 746 1673 785 dico
1694 760 1818 789 con—

273 823 317 856 tr
330 830 390 868 ap
404 830 426 854 0
440 814 598 854 sitam
611 846 622 863 ,
643 815 714 854 sed
736 813 862 854 etiam
882 814 926 853 in
949 815 1111 853 duabus
1133 814 1303 854 vocibus
1326 815 1513 868 ejusdem
1530 815 1706 855 membri
1723 816 1818 855 sub-

272 884 543 938 sequentibus
566 884 767 924 collocata
788 883 854 923 vel
884 898 905 923 c
918 897 940 923 0
954 883 1138 923 nsocia
1151 890 1216 923 ta.
1255 885 1368 925 Rara
1389 893 1451 925 est
1472 893 1545 926 aut
1566 885 1611 925 111
1633 886 1819 938 ejusdem

271 970 415 996 versus
454 953 650 994 membris
682 960 754 993 aut
792 953 836 992 in
866 953 1030 992 duobus
1071 953 1258 993 versibus
1297 955 1502 1007 copulatis
1542 956 1590 995 al
1604 962 1715 995 tern
1727 970 1790 995 011
1803 969 1820 995 5

272 1028 451 1067 duarum
478 1038 770 1072 consonarum,
797 1037 883 1063 non
912 1037 1000 1062 rara
1034 1031 1178 1063 contra
1203 1024 1475 1064 cumulata
1504 1032 1591 1064 tam
1611 1025 1820 1065 vocalium

273 1111 398 1150 quam
427 1108 633 1135 consonae
659 1107 733 1146 per
755 1099 890 1132 totum
911 1106 1078 1132 versum
1100 1092 1286 1146 ejusdem
1307 1108 1381 1134 seu
1402 1093 1447 1133 in
1470 1094 1615 1148 quovis
1636 1095 1822 1134 membro

273 1167 472 1207 diversae.

387 1234 546 1276 Finalis
569 1233 832 1275 assonantiae
854 1232 1046 1273 certiores
1065 1233 1146 1274 loci
1168 1242 1268 1274 sunt
1288 1241 1363 1274 aut
1378 1234 1474 1274 finis
1492 1234 1668 1275 membri
1684 1234 1822 1288 cujus-

274 1308 335 1348 vis
368 1306 555 1360 ejusdem
584 1318 728 1345 versus
760 1310 833 1344 aut
858 1303 955 1343 finis
978 1304 1158 1343 (luorum
1178 1319 1375 1345 versuum
1397 1305 1474 1345 hac
1495 1305 1736 1345 assonantia
1758 1320 1822 1345 co-

275 1378 531 1432 pulatorum.
578 1377 724 1416 Potest
745 1388 841 1427 ergo
863 1373 945 1412 dici
966 1372 1039 1412 illa
1069 1388 1123 1413 00
1135 1389 1164 1414 0
1177 1382 1221 1415 11
1233 1390 1256 1415 0
1268 1390 1295 1429 p
1310 1389 1332 1415 o
1344 1375 1385 1415 si
1399 1382 1415 1415 t
1426 1390 1450 1415 a
1480 1375 1583 1415 haec
1612 1390 1633 1415 c
1646 1390 1744 1429 opu
1755 1375 1770 1414 l
1782 1390 1822 1415 a-

277 1449 400 1489 tiva.
455 1447 587 1488 Solita
626 1453 689 1486 051
725 1444 904 1497 simplex
931 1443 1169 1497 copulativa
1198 1445 1334 1498 posita
1364 1445 1409 1485 in
1437 1446 1521 1486 fine
1549 1444 1824 1499 posteriorum

277 1533 475 1559 versuum
510 1517 818 1562 membrorum3
859 1514 931 1553 sed
966 1513 1179 1555 interdum
1211 1515 1370 1556 accedit
1399 1515 1482 1556 alia
1512 1515 1639 1555 etiam
1668 1515 1714 1555 in
1741 1516 1823 1555 fine

278 1589 466 1643 priorum
494 1587 791 1633 membrorum,
818 1584 876 1624 ita
905 1591 954 1624 ut
983 1585 1058 1624 fiat
1086 1600 1106 1624 c
1120 1600 1142 1625 0
1154 1600 1181 1639 p
1194 1586 1283 1626 ula
1297 1593 1313 1625 t
1325 1585 1372 1625 iv
1384 1600 1408 1625 a
1446 1585 1657 1638 duplex.
1701 1586 1823 1625 Asso-

280 1659 428 1700 nantia
458 1656 695 1711 copulativa
724 1655 1043 1695 continuata
1071 1669 1145 1708 per
1173 1670 1328 1709 paucos
1357 1669 1500 1695 versus
1532 1656 1644 1708 apud
1672 1654 1825 1695 Hiber-

280 1745 356 1771 nos
387 1728 533 1782 negari
562 1741 649 1767 non
679 1732 832 1779 potest,
856 1740 931 1779 per
962 1725 1102 1778 plures
1130 1725 1175 1765 in
1196 1725 1413 1766 cambi-icis
1435 1725 1689 1765 carminibus
1710 1738 1826 1778 prae-

281 1802 402 1855 cipue
426 1799 471 1839 in
492 1813 572 1838 usu
593 1804 670 1837 est.
716 1797 793 1835 Est
813 1795 940 1836 etiam
960 1810 1046 1835 non
1067 1795 1308 1848 infrequens
1328 1796 1374 1835 in
1394 1795 1530 1835 medio
1551 1809 1624 1848 per
1643 1795 1829 1834 membra

284 1873 336 1912 ad
366 1876 562 1910 ornatum
591 1866 793 1920 majorem
821 1865 1007 1919 dispersa
1036 1880 1123 1905 non
1152 1866 1297 1905 eadem
1324 1880 1422 1905 eum
1450 1864 1731 1917 contraposita
1763 1864 1828 1904 vel

284 1939 536 1994 copulativa,
562 1938 606 1978 in
635 1937 797 1977 duabus
828 1934 1040 1975 interdum
1069 1934 1201 1975 tribus
1232 1934 1402 1975 vocibus
1428 1934 1564 1982 obvia,
1589 1948 1715 1987 quam
1736 1933 1828 1973 dico

284 2010 579 2051 lateralem.

399 2080 591 2120 Membra
611 2090 806 2117 versuum
829 2073 1024 2115 carminis
1045 2079 1204 2113 certum
1222 2072 1476 2126 syllabarum
1492 2087 1716 2113 numerum
1733 2087 1829 2112 con-

288 2153 440 2199 tinent,
461 2164 496 2189 e.
517 2163 580 2202 gr.
606 2154 889 2200 septenarum,
910 2151 1168 2192 octonarum,
1190 2143 1255 2183 vel
1275 2143 1519 2197 pauciorum
1539 2143 1605 2183 vel
1625 2142 1826 2196 plurium,

287 2236 364 2261 nec
383 2227 521 2260 tamen
538 2218 725 2259 obtineat
741 2228 908 2255 necesse
922 2220 984 2254 est
996 2213 1106 2253 idem
1117 2227 1317 2253 numerus
1330 2213 1582 2267 syllabarum
1599 2213 1643 2252 in
1655 2220 1831 2265 utroque

288 2292 473 2332 membro
503 2303 646 2330 versus
677 2287 743 2327 vel
771 2286 817 2325 in
846 2284 1039 2325 omnibus
1070 2283 1256 2323 versibus
1278 2282 1466 2336 ejusdem
1486 2283 1696 2323 carminis.
1739 2283 1830 2322 Nu-

289 2375 453 2402 merum
483 2360 737 2413 syllabarum
768 2355 970 2409 cujusque
1002 2353 1177 2393 membri
1208 2352 1381 2393 definire
1412 2354 1478 2393 vel
1500 2367 1723 2393 numerum
1744 2366 1831 2392 ver-

291 2446 416 2472 suum
437 2429 782 2483 copulandorum,
808 2440 844 2465 c.
868 2440 931 2477 gr.
957 2425 1135 2464 duorum
1155 2424 1221 2464 vel
1243 2430 1435 2477 quatuor,
1460 2430 1508 2463 ut
1529 2424 1633 2463 fiant
1654 2421 1831 2462 disticha

292 2503 358 2542 vel
388 2500 597 2553 strophae,
623 2498 688 2538 vel
719 2496 845 2536 etiam
868 2494 1046 2548 jungere
1077 2508 1219 2534 versus
1241 2493 1331 2534 sine
1353 2500 1464 2533 certo
1485 2507 1659 2533 numero
1680 2492 1725 2532 in
1747 2506 1832 2531 car-

292 2572 421 2621 mine,
447 2573 492 2610 in
513 2568 682 2610 arbitrio
704 2569 849 2621 poetae
872 2572 947 2604 est.

409 2639 650 2688 Quaeritur,
672 2653 726 2678 an
747 2636 1001 2691 syllabarum
1022 2632 1189 2686 majoris
1211 2640 1252 2673 et
1273 2631 1444 2672 minoris
1466 2639 1660 2672 accentus
1681 2631 1725 2670 in
1747 2644 1833 2670 ver-

296 2728 420 2753 suum
448 2709 644 2751 membris
675 2704 976 2748 alternantium
997 2710 1108 2743 certa
1128 2702 1253 2743 fuerit
1274 2702 1432 2756 regula.
1478 2700 1641 2754 Conjici
1662 2706 1837 2754 possunt

297 2798 332 2822 0.
357 2798 419 2832 gr.
444 2779 620 2821 membri
652 2785 811 2831 septem
843 2775 1095 2829 syllabarum
1127 2771 1385 2825 frequentius
1418 2771 1561 2811 usitati
1583 2785 1656 2823 pro
1678 2769 1838 2809 diversa
