1963 3202
209 125 290 165 836
441 124 495 163 V.
523 125 560 161 2.
601 134 861 162 COMPOSITIO
885 133 1131 161 HIBERNICA
1153 132 1515 160 PAaricULARUM.

209 237 438 286 rnanicum,
461 237 547 285 sed,
567 242 616 275 ut
638 235 940 282 Maroboduus,
960 248 1029 274 ore
1050 233 1202 287 gallico
1222 233 1372 287 gallice
1394 231 1755 273 transformatum.

209 308 465 350 Addendum
495 312 558 346 est
587 319 742 345 nomen
771 304 982 358 belgicum
1013 305 1234 345 Atrebates
1264 318 1338 357 pro
1365 302 1631 350 Adtrebates,
1658 300 1758 341 assi-

209 379 426 421 milatione
457 377 616 425 cadem,
643 389 748 429 quae
778 374 904 415 etiam
934 374 1095 415 obtinet
1122 374 1335 415 hiber-nice
1357 372 1401 412 in
1424 371 1593 412 vocibus
1616 371 1759 412 atreba

210 450 405 504 (habitat,
430 446 630 501 possidet,
655 461 697 499 p.
727 447 841 497 359),
869 446 1041 486 acoobor
1058 446 1289 498 (voluntas)
1308 443 1492 484 accomol
1506 441 1757 495 (adjunctio)

209 521 308 561 Wb.
336 519 408 572 Sg.
434 517 510 570 sq„
536 531 715 570 quarum
741 523 882 556 tamen
904 515 1149 570 compositio
1171 516 1306 555 elucet
1329 529 1350 553 e
1371 513 1513 554 formis
1536 511 1759 552 adr-othreb

210 588 449 643 (habitavit,
478 586 685 638 consedit)
710 586 788 626 Ml.
821 583 902 634 l7b,
927 585 1165 626 adcobraim
1198 585 1273 639 (gl.
1299 584 1412 637 volo)
1437 584 1509 636 Sg.
1539 580 1650 631 146b,
1686 583 1760 622 ad-

209 660 425 708 eomaltar,
447 658 741 698 codoleomlatar
762 655 1042 710 (adjungitur,
1064 658 1229 708 -untur)
1255 656 1327 709 Sg.
1349 656 1418 696 Cr.
1440 654 1506 695 Cf.
1532 668 1632 693 mox
1653 653 1761 693 infra

207 732 371 772 hibern.
398 730 486 770 α(ἷ-.

322 801 409 841 IN:
444 800 645 839 Insubres
674 797 767 838 Liv.
803 796 1002 837 Indutius
1032 797 1164 836 Inscr.
1199 796 1272 836 Or.
1300 799 1395 834 431.
1441 795 1757 835 Indutiomarus

209 873 279 923 (jc-f.
304 888 346 926 p.
376 875 421 910 31
458 872 569 922 not.)
592 869 712 909 Caes.
759 867 987 911 Quaeritur
1016 881 1159 907 annon
1191 866 1334 905 eadem
1365 865 1571 919 particula
1603 866 1657 906 sit.
1679 865 1759 906 int-

210 944 331 985 obvia
362 950 459 982 ante
485 939 670 980 vocales:
708 939 931 979 Intarabus
956 939 1098 990 (dcus;
1133 937 1185 976 cf.
1211 936 1421 976 Marullus
1443 936 1570 975 Arabi
1601 936 1660 976 fil.
1687 937 1758 976 In-

209 1015 351 1068 script.
381 1014 645 1054 Vesunnens.
668 1025 734 1063 ap.
756 1009 908 1057 Orell.,
929 1016 970 1048 et
991 1022 1145 1048 nomen
1167 1007 1268 1046 fluv.
1290 1006 1430 1045 Arabo
1445 1003 1459 1054 ;Δ
1481 1006 1636 1045 cambr.
1659 1006 1755 1045 hod.

210 1086 338 1139 (aras,
370 1083 503 1135 mitis)
534 1081 664 1121 Orell.
693 1083 817 1118 2015.
847 1073 1101 1131 Ἰντονέργοι
1127 1080 1299 1130 (nomen
1330 1075 1583 1116 Germaniae
1612 1076 1757 1129 populi

207 1156 410 1196 Rhenum
437 1151 659 1194 accolentis
682 1149 882 1203 gallicum
896 1165 906 1197 3
942 1149 993 1188 cf.
1019 1148 1304 1201 Vergobretus
1327 1147 1467 1193 Caes„
1493 1146 1647 1185 cambr.
1673 1154 1755 1185 vet.

204 1241 349 1281 wamy,
375 1241 416 1279 p.
447 1229 493 1262 14
519 1223 630 1273 not.)
661 1220 773 1261 Ptol.
801 1219 1014 1260 Particula
1043 1218 1105 1258 in·
1135 1218 1178 1257 in
1207 1215 1432 1256 hibernicis
1464 1215 1640 1255 vetustis
1669 1215 1760 1269 qui-

206 1298 385 1338 busdam
413 1293 562 1335 transit
583 1292 628 1332 in
650 1290 1000 1345 significationem
1022 1286 1254 1328 habilitatis
1276 1286 1342 1326 vel
1363 1285 1628 1335 intensionis,
1655 1301 1760 1340 quae

208 1368 334 1408 etiam
357 1365 597 1406 continetur
617 1362 663 1402 in
684 1362 783 1402 hod.
810 1361 974 1401 hibern.
1000 1360 1108 1413 gael.
1134 1359 1237 1399 iona

322 1437 441 1477 CON
456 1450 464 1475 :
508 1435 798 1475 Consuanetes
836 1431 949 1472 Plin.
987 1429 1344 1471 Convictolitanes
1386 1429 1507 1469 Caes.
1551 1428 1756 1476 Condate,

209 1507 460 1551 Condatisco
483 1505 586 1546 Itin.
614 1504 743 1557 Greg.
770 1503 872 1542 Tur.
899 1502 1163 1542 Condercum
1185 1500 1310 1553 (Brit.
1332 1500 1451 1553 opp.)
1475 1498 1612 1539 Notit.
1639 1498 1756 1552 dign.

209 1577 419 1621 Condrusi
449 1578 570 1618 Caes.
596 1575 838 1627 Congavate
861 1572 1008 1625 (Brit.)
1030 1572 1132 1612 Not.
1159 1570 1276 1625 dign.
1313 1568 1601 1623 Congennicia
1624 1569 1756 1609 Inscr.

209 1652 366 1691 Murat.
398 1651 528 1696 1778,
559 1649 624 1685 12.
666 1643 894 1684 Contrebia
923 1645 1068 1696 (caput
1101 1642 1430 1689 Celtiberorum;
1466 1639 1518 1680 cf.
1548 1640 1760 1680 Contreue
1828 1677 1829 1681 ,

208 1721 321 1769 villa,
348 1719 402 1759 al.
429 1719 653 1765 Contrave,
680 1715 910 1763 Genti-ene,
937 1715 989 1754 ad
1015 1713 1252 1761 Mosellam,
1279 1711 1447 1753 Giinth.
1474 1711 1564 1750 cod.
1591 1711 1694 1764 dipl.
1720 1715 1756 1759 1,

207 1808 250 1832 11.
279 1796 348 1841 25)
381 1789 522 1830 Valer.
558 1788 676 1827 Max.
710 1784 943 1838 Concangii
976 1783 1110 1835 (Brit.
1142 1784 1271 1836 opp.)
1304 1782 1441 1822 Notit.
1477 1781 1592 1835 dign.
1634 1781 1759 1822 COM

209 1870 305 1904 ante
328 1860 521 1902 labiales:
549 1856 894 1898 Combretonium
917 1854 1131 1907 (Britann.
1157 1856 1277 1907 opp.)
1300 1852 1403 1892 Itin.
1428 1852 1531 1892 Ant.
1561 1853 1759 1893 Vercom-

209 1933 358 1985 bogius
388 1930 586 1982 Inscript.
623 1929 748 1969 Grut.
779 1930 883 1974 758,
913 1930 954 1964 11
975 1957 987 1974 ,
1023 1924 1142 1978 cujus
1178 1925 1332 1964 formae
1369 1922 1597 1963 obtinentis
1635 1923 1760 1963 etiam

209 2012 306 2044 ante
335 2001 496 2041 vocales
529 2006 637 2039 esset
665 1997 922 2051 exemplum,
949 1995 983 2036 si
1012 1996 1181 2034 deberet
1211 1992 1392 2046 separari
1414 1992 1662 2045 Com-ageni
1686 1992 1756 2043 (cf.

212 2072 476 2128 Agendicum
498 2071 641 2121 Caes.)
664 2068 768 2108 Tab.
796 2068 846 2107 P.
891 2066 964 2106 CO
988 2072 1085 2105 ante
1116 2063 1311 2117 liquidaS,
1337 2069 1386 2102 ut
1408 2062 1592 2101 videtur:
1625 2062 1760 2102 Cona-

210 2152 375 2185 motuso
399 2142 469 2195 (cf.
494 2142 683 2181 Namuta
712 2152 837 2191 supra
866 2152 908 2191 p.
937 2138 1035 2187 759)
1059 2134 1256 2189 Inscript.
1282 2134 1407 2173 Grut.
1437 2136 1532 2181 827,
1563 2137 1597 2172 1.
1643 2133 1761 2173 Ν11111

211 2215 343 2271 possit
364 2213 490 2254 etiam
512 2209 641 2251 statui
663 2208 794 2248 forma
815 2208 927 2248 COR
950 2206 1076 2246 nimis
1098 2204 1275 2244 dubium
1297 2211 1359 2244 cst
1381 2206 1440 2257 (p.
1469 2208 1555 2256 50).

326 2285 468 2325 ARE:
504 2279 744 2322 Aremorica
768 2278 880 2318 Plin.
909 2282 947 2326 4,
979 2282 1041 2317 17.
1068 2274 1308 2316 Aremorica
1337 2289 1440 2327 gens
1462 2276 1624 2315 Auson.
1651 2274 1756 2328 prof.

218 2363 281 2398 10.
317 2352 551 2396 Arecomici
573 2353 694 2392 Caes.
720 2349 834 2390 Plin.
869 2347 1128 2400 Arebrignus
1158 2360 1292 2400 pagus
1322 2345 1503 2385 Eumen.
1530 2346 1757 2399 (Panegyr.

212 2435 314 2468 vett.
344 2432 361 2465 7
380 2458 389 2474 ,
416 2428 473 2477 6).
518 2422 696 2475 Arelape
728 2420 833 2472 (loc.
868 2418 1044 2470 Noric.)
1077 2417 1178 2457 Itin.
1210 2416 1378 2456 Arelate
1410 2416 1550 2467 (Gall.
1584 2416 1760 2468 merid.)

213 2500 332 2539 (fiaes.
360 2495 473 2536 Plin.
513 2493 640 2547 Apud
661 2492 882 2532 Caesarem
903 2489 1043 2528 minus
1064 2488 1172 2527 bene
1194 2486 1382 2526 redditur
1402 2485 1642 2526 Armoricae
1663 2485 1761 2526 civi-

212 2577 332 2617 tates,
349 2581 445 2607 cum
462 2565 573 2605 haud
592 2562 718 2603 dubie
735 2561 779 2601 in
796 2560 862 2600 his
875 2560 1059 2601 obtineat
1072 2555 1393 2612 praepositionis
1405 2556 1537 2596 forma
1548 2556 1761 2611 primitiva

212 2639 292 2687 ari,
315 2653 402 2685 arc,
422 2652 443 2676 c
461 2650 543 2689 qua
559 2633 713 2688 prodiit
730 2631 895 2671 hibern.
917 2630 998 2679 air,
1014 2630 1168 2669 cambr.
1185 2642 1249 2676 ar,
1266 2633 1307 2666 et
1323 2627 1374 2666 ab
1391 2627 1469 2666 hac
1487 2627 1761 2667 discernenda

212 2711 265 2751 sit
295 2708 500 2764 particula
530 2702 819 2758 inseparabilis
841 2715 924 2749 aru,
951 2714 1013 2740 er-
1035 2700 1078 2739 in
1101 2697 1271 2739 nomine
1288 2692 1502 2750 Ἀρκυνια,
1526 2696 1755 2751 Hercynia.

327 2779 461 2819 ATE:
489 2776 735 2818 Ateboduus
758 2774 891 2813 lnscr.
918 2772 1044 2811 Grut.
1069 2774 1164 2818 758,
1190 2773 1254 2807 11.
1280 2769 1492 2821 Ategnata
1510 2768 1637 2808 Grut.
1662 2771 1755 2815 758,

219 2857 280 2890 11.
312 2854 405 2898 763,
434 2853 472 2889 6.
519 2848 768 2888 Ataevortus
799 2844 925 2884 Grut.
955 2845 1056 2889 733,
1086 2845 1122 2879 1.
1167 2838 1353 2880 Atecotti
1384 2837 1606 2889 (Britann.
1631 2838 1760 2892 pop.)
