1963 3202
251 118 304 156 V.
335 121 371 155 1.
416 128 655 156 nEvamo
677 128 860 156 GALLICA
882 128 935 155 ET
957 128 1203 156 HIBERNICA
1224 128 1447 156 TENomM.
1541 114 1615 153 761

83 229 129 267 in
163 227 262 267 villa
291 227 566 281 Segunfiaco,
601 227 793 266 Martene
821 231 857 274 1,
886 230 952 264 55.
977 226 1027 265 de
1063 225 1162 264 villa
1188 225 1475 278 Argunfiaco,
1506 225 1617 264 Bou.

82 298 109 337 J
114 297 170 337 ul.
199 302 238 345 6,
265 301 360 336 209.

197 366 264 405 ST
293 365 432 405 minus
461 365 669 417 frequens,
714 364 844 403 AST:
882 360 1086 404 Τόλαστα
1108 378 1175 416 ap.
1202 363 1313 403 Ptol.
1341 364 1455 415 (mox
1476 362 1618 413 infra).

82 434 406 483 monasterium,
439 435 548 486 quod
577 440 848 485 nuncupatur
878 434 1078 481 Malaste,
1111 433 1213 485 dipl.
1249 447 1286 471 a.
1315 436 1392 471 835
1408 463 1420 480 ,
1453 431 1618 470 Mabill.

83 503 184 557 dipl.
205 518 246 556 p.
269 507 363 551 523,
385 503 589 556 siquidem
610 502 654 541 in
673 502 750 541 hoc
768 516 853 541 non
871 510 933 542 est
949 502 1206 555 compositio.
1238 501 1423 541 Nomina
1439 500 1621 540 virorum

82 573 193 625 apud
223 572 472 625 Gregorium
504 572 687 611 Turon.:
720 570 916 610 Vinastes
949 572 1020 622 (al.
1049 571 1284 622 Vivastes)‚
1318 572 1368 610 de
1396 570 1539 609 mirac.
1572 570 1618 608 S.

82 642 209 680 Mart.
237 644 274 689 2,
301 645 367 680 23.
402 641 604 680 Vedastes
626 648 901 692 cognomento
922 641 1013 679 Avo
1036 640 1155 691 (civis
1179 641 1359 691 Turon.)
1378 639 1493 679 Hist.
1518 644 1555 687 7,
1579 644 1617 677 3.

81 710 334 758 Leudastes,
368 710 592 748 Leodastes
617 713 662 757 5,
702 713 766 747 14.
794 713 861 748 48.
890 714 936 758 6,
965 713 1030 748 32.
1056 710 1106 748 de
1127 709 1219 748 mir.
1248 709 1291 748 S.
1325 710 1454 748 Mart.
1483 712 1521 757 2,
1549 712 1616 747 58.

82 779 314 827 Bladastes‚
340 779 587 818 Blandastes
612 783 650 826 6,
681 782 744 816 12.
775 784 812 827 7,
840 782 906 817 28.
935 782 1000 825 34,
1026 784 1074 816 ut
1104 778 1275 817 nomina
1297 777 1550 830 Polyptychi
1572 777 1618 817 S.

80 847 322 896 Irminonis,
343 847 525 887 francica
546 855 645 887 sunt
662 848 854 887 habenda
869 854 910 886 et
927 845 1154 899 composita
1191 852 1323 898 -gast3
1350 846 1402 885 cf.
1425 845 1621 885 Grimmii

81 917 244 957 Histor.
270 917 440 969 linguae
461 931 590 969 germ.
622 922 657 965 1,
686 920 800 969 541).
840 916 968 969 EST:
999 910 1234 955 Οὗέτεστον
1257 915 1416 968 (oppid.
1442 915 1621 954 Tolisto-

79 986 208 1039 bojor.
234 986 279 1025 in
298 986 399 1026 Asia
420 986 589 1038 minori)
615 987 725 1026 Ptol.
753 986 923 1038 Segeste
946 985 1137 1037 (Carnor.
1162 984 1324 1037 oppid.)
1349 984 1462 1024 Plin.
1489 988 1525 1032 3,
1551 988 1616 1022 19.

81 1057 277 1108 Tergeste
306 1055 497 1108 (gallicae
527 1055 744 1107 originis&
778 1054 890 1094 Plin.
936 1055 1100 1102 Forest,
1133 1053 1341 1092 forestella
1364 1053 1434 1105 (cf.
1458 1067 1501 1106 p.
1529 1055 1617 1104 93).

80 1125 174 1165 IST
189 1140 196 1163 :
224 1124 467 1177 Tolistoboji
490 1127 604 1178 (pop.
629 1125 729 1177 gall.
746 1140 757 1172 3
783 1124 835 1163 cf.
865 1120 1068 1163 Τόλαστα
1088 1120 1260 1177 χωρίον,
1282 1123 1453 1163 Tolasta
1474 1121 1621 1161 castel-

79 1194 169 1233 lum
189 1193 314 1233 Asiae
336 1193 507 1233 minoris
538 1194 650 1246 apud
671 1194 850 1233 eundem
870 1193 1089 1246 populum,
1115 1193 1225 1233 Ptol.
1254 1198 1292 1242 5,
1319 1194 1360 1244 4)
1383 1192 1476 1231 Liv.
1502 1190 1616 1231 Plin.

80 1263 285 1302 Venostes
317 1264 431 1316 (pop.
464 1262 616 1315 alpin.)
647 1263 780 1319 Inscr.
814 1269 920 1314 trop.
954 1277 1020 1315 ap.
1058 1263 1170 1302 Plin.
1201 1267 1247 1311 3,
1276 1266 1342 1301 20.
1377 1261 1513 1302 UST:
1546 1260 1620 1300 Se-

78 1339 301 1385 gusterone
324 1331 440 1384 (Alp.
465 1331 626 1383 marit.)
649 1331 769 1380 Irin„
799 1331 834 1371 si
862 1346 949 1371 non
980 1331 1257 1384 compositum
1278 1331 1348 1384 (cf.
1374 1331 1447 1370 lat.
1474 1337 1619 1369 terres-

80 1401 168 1450 tris,
193 1400 425 1454 palustris).

191 1470 264 1510 CT
286 1469 510 1509 derivantis
533 1476 698 1509 vetusta
719 1469 909 1522 exempla
930 1469 1085 1508 rariora
1105 1476 1219 1509 sunt.
1260 1469 1397 1509 ACT:
1425 1469 1618 1508 Bibracte

80 1538 238 1592 (oppid.
262 1539 474 1586 Aeduor.;
500 1553 521 1577 e
544 1538 669 1587 biber,
690 1540 807 1587 fiber,
827 1553 869 1591 p.
891 1540 978 1590 44),
1004 1539 1265 1591 Epasnactus
1289 1540 1518 1589 (Arvernus
1531 1555 1542 1586 ;
1567 1553 1619 1577 ex

79 1623 141 1661 ep,
169 1622 313 1661 equus,
339 1615 379 1646 ct
400 1622 513 1655 osen,
539 1607 681 1647 asinus
696 1608 742 1659 ἶ),
764 1608 978 1647 ambactus
1001 1608 1140 1656 Caes„
1162 1608 1389 1660 quaeritur,
1408 1622 1512 1647 num
1533 1608 1619 1647 sint

79 1677 263 1717 derivata
284 1691 337 1716 an
359 1676 633 1729 composita*
665 1678 912 1717 Caractacus
935 1677 1035 1716 Tac.
1056 1677 1208 1716 rectius
1229 1677 1354 1716 fuerit
1372 1678 1613 1726 Caratacus,

79 1760 184 1799 quac
201 1746 357 1785 scilicet
374 1746 503 1785 forma
521 1746 699 1785 occurrit
715 1746 758 1785 in
776 1746 992 1798 Inscript.‚
1010 1754 1051 1785 et
1068 1746 1227 1786 obtinet
1243 1747 1379 1787 adhuc
1396 1747 1440 1786 in
1458 1748 1613 1786 cambr.

78 1822 159 1854 vet.
192 1816 402 1855 caratauc
424 1817 483 1867 (p.
511 1817 597 1866 96).
642 1816 769 1854 Porro
792 1815 902 1855 ECT
933 1822 974 1855 et
994 1816 1107 1855 OCT
1129 1816 1268 1855 forsan
1295 1815 1340 1855 in
1370 1816 1456 1855 his:
1482 1817 1618 1856 Anec-

81 1883 178 1932 tius,
204 1883 420 1923 Scncctius
443 1886 512 1935 (ex
542 1884 708 1924 civitate
737 1884 1007 1937 Nerviorum)
1030 1885 1123 1925 Liv.
1149 1886 1249 1938 epit.
1279 1891 1371 1925 139.
1406 1886 1618 1926 Verucloe-

79 1953 162 1993 tius
182 1952 441 2006 (Helvetius)
464 1954 583 1993 Caes.
847 1951 851 1954 ’

169 2142 185 2157 ““
210 2141 247 2175 Si
268 2148 387 2186 posset
403 2142 489 2176 fides
508 2143 628 2177 haberi
647 2144 932 2189 interpretationi
949 2145 1097 2190 gallicae
1114 2145 1210 2179 vocis
1227 2157 1354 2179 exat-072
1371 2158 1427 2191 ap.
1447 2146 1541 2180 Plin.
1559 2149 1614 2188 25,

79 2200 117 2229 6:
143 2194 373 2232 “centaurion
392 2199 504 2233 nostri
522 2199 569 2233 fel
586 2205 698 2233 terrae
716 2206 844 2234 vocant
860 2207 1003 2246 propter
1021 2201 1293 2235 amaritudinem
1311 2214 1494 2244 summam,
1520 2203 1621 2236 Galli

76 2264 213 2293 exat-on,
235 2254 400 2298 quoniam
424 2255 541 2288 omnia
564 2255 657 2288 mala
682 2256 939 2291 medicamenta
964 2262 1088 2302 potum
1116 2269 1135 2291 e
1163 2269 1308 2302 corpore
1335 2258 1457 2302 exigat
1480 2270 1542 2303 per
1565 2259 1614 2292 al-

76 2305 194 2348 vuns',
222 2314 257 2341 et
282 2309 310 2341 si
344 2310 467 2343 liceret
494 2310 576 2344 inde
600 2311 753 2345 radicem
780 2312 943 2356 gallicam
973 2325 1014 2346 ac
1038 2313 1168 2347 habere
1201 2315 1350 2348 eandem
1375 2326 1455 2348 cum
1480 2315 1540 2348 lat.
1570 2325 1615 2358 ay

79 2363 224 2408 (agere),
240 2364 341 2398 facile
359 2371 451 2399 esset
467 2378 588 2399 vocem
606 2367 783 2400 ambactas
800 2374 924 2413 putare
942 2369 1172 2413 compositam
1191 2370 1450 2414 significantem
1468 2370 1615 2403 circum-

77 2426 253 2463 agentcm,
275 2421 328 2453 vcl
355 2421 616 2462 circumactum,
639 2424 813 2465 comitem,
835 2436 988 2458 servum.
1025 2425 1095 2458 Sed
1119 2425 1320 2459 intellectus
1346 2426 1559 2459 causationis
1580 2430 1616 2458 et

79 2476 317 2519 generationis
342 2477 463 2510 subest
486 2478 596 2510 radici
623 2491 662 2511 ac
686 2484 758 2512 tam
784 2480 820 2512 in
845 2480 1035 2513 hibernicis
1061 2481 1218 2522 vocibus,
1241 2482 1354 2515 obviis
1372 2482 1463 2514 inter
1480 2481 1616 2524 glossas

77 2537 245 2571 vetustas,
274 2543 303 2564 c.
324 2544 377 2576 gr.
405 2533 613 2576 az'cseuaqecd
636 2534 840 2579 (causatio),
871 2536 1108 2569 2'n‹la2'c.s·ende'‹l
1133 2536 1262 2580 (causa,
1292 2537 1467 2581 propter),
1495 2536 1617 2569 az'cned

79 2587 251 2632 (natura),
279 2587 386 2620 nieme
405 2588 563 2632 (genus),
586 2600 689 2632 quam
714 2590 750 2622 in
776 2591 976 2631 cambria-is,
998 2604 1028 2624 e.
1049 2604 1101 2636 gr.
1122 2593 1185 2625 aeli
1219 2593 1363 2636 genus),
1385 2594 1529 2625 achmon
1549 2592 1615 2636 (in-

81 2645 201 2687 guen).
238 2645 368 2676 Contra
394 2649 448 2677 est
472 2644 577 2677 etiam
604 2645 704 2677 radix
726 2645 863 2679 hibern.
883 2647 953 2691 cciy,
974 2659 1017 2691 ay
1043 2647 1078 2680 in
1104 2648 1268 2691 atomus-rs,
1292 2648 1430 2692 cctobaiy
1450 2648 1497 2692 (p.
1518 2649 1610 2692 2536),

77 2698 343 2742 significationis
361 2711 431 2732 non
451 2700 608 2734 diversae
625 2713 645 2734 a
662 2701 782 2734 latina.
