1963 3202
633 758 936 825 LIBER
983 758 1378 826 SEXTUS.

600 1052 702 1104 DE
759 1051 1416 1107 CONSTRUCTIONE.

348 1218 630 1257 Monumenta.
669 1216 885 1257 literarum
925 1219 1038 1271 apud
1078 1218 1279 1272 populos,
1325 1217 1397 1272 qui
1437 1218 1495 1258 eis
1536 1219 1777 1269 utebantur,

234 1287 388 1341 scripta
416 1294 530 1336 sunt,
566 1301 618 1327 ex
647 1301 729 1341 quo
759 1294 942 1337 exstant,
977 1296 1051 1329 aut
1080 1288 1125 1328 in
1156 1289 1342 1329 oratione
1370 1289 1598 1338 communi,
1624 1290 1704 1339 vel,
1735 1297 1782 1330 ut

233 1358 395 1407 dicunt,
422 1358 573 1407 soluta,
598 1372 721 1411 prosa
750 1358 951 1408 oratione,
977 1367 1051 1399 aut
1082 1359 1126 1399 in
1153 1359 1315 1413 poetica
1336 1360 1402 1400 vel
1423 1359 1567 1412 ligata.
1613 1360 1780 1400 Inveni-

233 1437 302 1468 tur
337 1428 439 1468 haec
475 1428 709 1469 differentia
744 1428 870 1469 etiam
905 1429 1076 1470 celticae
1107 1430 1327 1479 orationis,
1361 1444 1412 1470 ex
1441 1444 1522 1483 quo
1550 1429 1628 1470 viri
1655 1430 1780 1484 hujus

232 1499 403 1552 linguae
430 1498 562 1539 literis
591 1500 790 1539 mandare
821 1514 897 1540 sua
927 1507 1170 1554 coeperunt,
1194 1500 1357 1554 fuitque
1388 1499 1565 1540 vetustis
1589 1500 1780 1554 tempori-

232 1570 325 1618 bus,
347 1585 443 1609 cum
463 1569 622 1622 priscae
640 1570 777 1623 gentis
795 1571 1078 1612 adolescentes
1097 1571 1341 1624 disciplinae
1358 1570 1570 1610 Druidum
1588 1570 1778 1619 studiosi,

234 1647 338 1680 teste
358 1641 383 1679 J
388 1640 475 1680 ulio
497 1641 688 1689 Caesare,
712 1655 917 1694 magnum
938 1639 1162 1682 numerum
1185 1656 1383 1682 versuum
1405 1640 1657 1690 ediscebant,
1679 1655 1780 1694 quos

232 1710 363 1750 literis
395 1711 593 1751 mandare
628 1711 688 1751 fas
721 1725 809 1751 esse
839 1726 926 1752 non
957 1712 1269 1753 existimabant.
1323 1711 1552 1765 Utriusque
1583 1711 1780 1752 orationis

231 1781 462 1834 proprietas
494 1788 535 1821 et
558 1781 704 1830 forma,
731 1782 986 1823 constructio
1010 1790 1095 1823 tam
1116 1797 1261 1836 prosae
1283 1782 1481 1822 orationis
1505 1796 1630 1835 quam
1650 1781 1780 1835 poeti-

231 1865 302 1890 cae
325 1852 437 1904 apud
459 1851 625 1892 celticos
648 1852 840 1906 populos,
861 1852 988 1906 hujus
1009 1853 1105 1893 libri
1126 1854 1305 1893 duorum
1326 1852 1511 1905 capitum
1533 1858 1779 1904 argumenta

233 1927 347 1960 sunt.

714 2256 943 2303 CAPUT
987 2258 1290 2303 PRIMUM.

545 2393 619 2438 De
646 2392 1000 2438 constructione
1025 2408 1193 2453 prosae
1219 2391 1463 2438 orationis.

346 2540 613 2581 constructio
635 2554 780 2593 prosae
802 2539 1000 2579 orationis
1023 2546 1086 2579 est
1107 2538 1322 2579 collocatio
1343 2552 1493 2578 vocum
1514 2538 1578 2578 vcl
1595 2538 1775 2592 partium

233 2610 430 2651 orationis
462 2610 506 2649 in
538 2609 769 2649 sententias
799 2609 1023 2662 simplices,
1050 2609 1237 2663 duplices
1267 2609 1332 2649 vel
1356 2609 1609 2662 multiplices
1631 2623 1774 2649 secun-

233 2681 334 2719 dum
371 2679 542 2719 solitum
578 2679 747 2733 linguae
778 2694 901 2719 usum
931 2680 1086 2733 absque
1116 2678 1249 2719 modis
1278 2679 1475 2719 orationis
1504 2679 1670 2732 ligatae.
1724 2679 1775 2719 In

232 2749 309 2789 hac
330 2764 428 2802 prae
450 2749 646 2790 omnibus
668 2749 760 2790 aliis
783 2750 1024 2803 linguarum
1046 2749 1287 2790 colticarum
1304 2749 1533 2803 percipitur
1549 2749 1775 2803 proprietas
