1963 3202
259 20 341 59 936
540 20 620 60 VI.
647 24 685 59 2.
731 33 1028 61 CONSTRUCTIO
1049 33 1233 60 POETICA
1256 33 1517 61 fflssERmoA.
1895 46 1897 70 1

261 135 471 184 Cingulum
488 135 676 184 serpentis
695 134 892 183 cingulum
907 148 1050 180 meum,
1072 148 1228 184 serpens
1242 136 1458 180 circumest,
1476 148 1524 171 ne
1536 149 1596 172 me
1609 136 1811 175 vulnerent
1897 148 1900 185 ῃ

608 203 691 248 viri,
714 216 762 240 ne
781 216 843 239 me
863 204 1026 252 perdant
1045 204 1239 248 mulieres,
1267 204 1315 239 ad
1337 203 1468 239 stellas
1489 216 1550 239 me
1573 205 1804 250 sublimavit,

607 274 786 319 potenter
807 271 1024 308 circumest.

261 337 370 373 Illico
400 350 509 373 meus
537 351 604 375 rex
636 339 751 375 etiam
782 351 827 374 ea
855 338 1018 374 abscidit
1048 351 1137 384 rex3
1172 338 1212 374 in
1243 337 1414 386 profanis
1439 337 1534 373 locis
1557 337 1809 375 suffodiebam

608 407 797 442 mundum
816 419 959 442 meum.

261 472 507 509 Mucholmoc
536 488 598 511 me
629 475 739 510 duxit
766 474 813 510 ad
842 473 1143 518 meditationem,
1168 474 1217 510 ad
1247 472 1468 518 scientiam3
1500 472 1587 508 ideo
1618 485 1678 509 me
1700 474 1810 511 duxit

608 541 698 590 quia
719 546 777 578 est
798 543 950 578 firmum
972 541 1168 589 cingulum
1188 532 1363 577 meum.”

375 651 487 692 Sunt
521 664 664 693 versus
703 660 884 707 septem,
919 652 1054 706 quivis
1085 654 1265 693 duorum
1294 653 1599 701 membrorum,
1635 661 1808 707 excepto

259 721 422 775 quinto,
445 723 516 776 qui
538 723 616 764 tria
637 725 824 764 membra
843 724 1045 764 continet.
1079 724 1294 764 Numerus
1317 723 1572 776 syllabarum
1593 729 1729 763 certus
1747 731 1809 765 est

259 792 431 833 nonnisi
461 792 506 832 in
536 793 671 847 primo
698 808 821 834 versu
851 801 891 834 et
920 793 1085 842 ultimo,
1111 793 1156 833 in
1185 793 1336 846 quibus
1366 793 1541 846 quodvis
1572 794 1807 834 membrum

259 871 403 903 exacte
433 878 507 917 per
537 864 757 904 duodecim
784 864 964 917 syllabas
987 863 1184 904 decurrit.
1229 865 1442 904 Versuum
1464 863 1807 904 intermediorum

259 934 446 974 membra
469 942 611 975 autem
632 934 796 974 variant
815 948 991 973 numero
1012 933 1121 973 inter
1142 941 1234 974 octo
1256 941 1298 973 et
1318 934 1552 974 duodecim.

370 1005 628 1045 Assonantia
652 1004 790 1044 finalis
813 1010 875 1043 est
896 1004 1185 1057 monosyllaba
1202 1004 1497 1057 contraposita,
1518 1004 1643 1058 plena
1659 1004 1703 1044 in
1720 1019 1806 1045 om-

257 1074 399 1124 nibus,
425 1081 599 1128 excepto
630 1073 766 1127 primo
796 1088 933 1122 νει-811,
959 1073 1032 1114 ubi
1061 1080 1124 1114 est
1153 1073 1327 1114 dimidia
1356 1073 1400 1113 in
1429 1073 1656 1115 ‘imaeuciirt
1683 1082 1724 1115 et
1744 1075 1805 1116 in-

259 1144 408 1185 aedith.

370 1214 524 1254 Lineas
546 1214 829 1255 discernentes
851 1216 1037 1255 membra
1059 1223 1100 1256 et
1116 1215 1349 1256 indicantes
1367 1216 1652 1256 assonantiam
1668 1216 1805 1258 initia-

255 1285 339 1325 lem
361 1284 495 1334 omisi,
517 1299 570 1324 ne
591 1285 723 1325 nimia
743 1285 1018 1326 multitudine
1040 1287 1267 1340 deturpent
1286 1286 1544 1340 poematium
1562 1286 1802 1326 formosum.

257 1356 336 1395 Est
365 1355 479 1395 enim
502 1355 628 1396 etiam
648 1355 804 1395 initiali
825 1356 1066 1396 assonantia
1087 1371 1163 1396 nec.
1184 1371 1271 1396 non
1294 1356 1540 1396 intermedia
1561 1357 1665 1396 bene
1687 1370 1803 1396 orna-

258 1436 361 1465 tum.
406 1425 590 1466 Initialis
622 1426 904 1480 contraposita
934 1426 1096 1466 obtinet
1125 1426 1170 1466 in
1202 1428 1385 1466 secundo
1407 1441 1529 1467 versu
1550 1426 1595 1465 in
1622 1426 1626 1481 l
1656 1426 1742 1467 latin
1764 1435 1805 1466 et

259 1496 262 1550 J
289 1495 455 1544 lurech,
491 1496 728 1535 consociata
758 1496 803 1535 in
842 1497 1116 1549 sequentibus
1146 1497 1191 1536 in
1219 1500 1223 1549 Ι
1252 1496 1503 1551 ὒαηήιξόθΐῇ,
1535 1499 1541 1548 Ι
1556 1497 1799 1552 ferqalfer,

255 1566 512 1621 naq-ccffmmet
537 1570 543 1618 1
570 1568 692 1615 mna,
734 1567 912 1620 ’νοζφηόφα
944 1566 1136 1620 f027720'2'r.
1203 1567 1372 1607 Primus
1409 1574 1551 1607 autem
1586 1581 1726 1606 versus
1764 1574 1805 1606 et

255 1636 338 1675 duo
368 1635 509 1676 ultimi
540 1651 792 1689 quacunque
823 1637 1064 1677 assonantia
1093 1637 1176 1677 fere
1207 1637 1421 1677 cumulata
1449 1637 1610 1684 nitent;
1645 1636 1802 1689 primus

253 1706 404 1746 ludens
432 1706 618 1760 liquidis,
643 1714 836 1759 repetens
858 1721 898 1746 m
920 1720 1017 1746 cum
1038 1707 1250 1747 vocalibus
1274 1707 1532 1747 variantibus
1554 1706 1598 1745 in
1619 1705 1740 1745 initio
1763 1713 1804 1745 et

254 1775 392 1815 medio
414 1775 459 1815 in
480 1776 651 1816 vocibus
672 1776 979 1831 dumimdeqail
994 1776 996 1830 1
1018 1777 1145 1816 imum
1166 1778 1168 1830 l
1189 1777 1428 1824 imacua'z'rt,
1450 1775 1798 1824 narcmztairthece‚

254 1844 471 1894 tv'meellas‘,
493 1856 534 1885 et
556 1845 816 1898 subjungens
838 1846 1122 1886 assonantiam
1139 1846 1321 1900 liquidae
1338 1862 1363 1885 n
1382 1845 1426 1884 in
1433 1845 1626 1898 firmatim,
1649 1845 1797 1892 imese't,

254 1913 451 1954 intuditla.
497 1915 766 1955 Penultimus
798 1929 940 1954 versus
962 1922 1125 1967 praeter
1146 1922 1292 1967 quater
1312 1914 1584 1967 incipientem
1594 1914 1652 1966 fo
1673 1913 1800 1952 etiam

252 1983 460 2023 initialem
488 1984 774 2025 assonantiam
804 1998 1083 2024 consonarum
1112 1984 1134 2022 b
1162 1990 1203 2023 et
1232 1998 1255 2022 r
1282 1984 1558 2025 alternantem
1587 1997 1671 2022 una
1703 1996 1799 2022 cum

253 2176 375 2209 Moch.
395 2176 489 2210 Boll.
509 2178 617 2211 Mart.
639 2180 670 2218 2,
687 2180 764 2218 282,
787 2189 942 2222 compos.
962 2179 1241 2211 veo-choem-moc
1262 2178 1368 2221 (mass,
1389 2189 1469 2221 gen.
1490 2188 1602 2220 moyse,
1624 2176 1738 2220 puer),
1760 2182 1800 2208 ut

253 2232 397 2265 nomina
407 2233 629 2275 flloehumbe,
646 2234 804 2277 Illoseez‘a
822 2234 857 2267 in
877 2234 998 2267 eaden}
1013 2234 1093 2267 Vita
1111 2245 1145 2278 p.
1157 2236 1235 2266 287.
1267 2235 1454 2267 Columnas
1467 2233 1554 2265 ibid.
1569 2244 1603 2276 p.
1619 2234 1684 2265 256
1703 2231 1798 2264 vide-

252 2293 311 2322 tur
328 2289 422 2322 idem
441 2290 536 2334 quod
552 2291 785 2323 Colmnbanas
800 2290 857 2334 (cf.
872 2292 994 2331 colum,
1009 2302 1044 2334 p.
1062 2290 1139 2334 752)
1155 2305 1161 2330 ς
1179 2294 1232 2322 est
1243 2294 1361 2322 tamen
1374 2290 1479 2322 etiam
1491 2289 1560 2333 adj.
1575 2288 1641 2320 edil
1653 2287 1795 2331 (tenuis,

252 2357 388 2386 macer3
410 2357 445 2390 p.
466 2347 537 2391 41),
559 2347 655 2391 quod
679 2346 830 2392 supponi
856 2346 969 2390 possit
996 2346 1131 2379 nomini
1149 2346 1382 2379 Muelzolmoc.
1404 2345 1678 2384 ramelearastar,
1700 2349 1799 2377 vetu—

252 2402 340 2435 stius
366 2403 651 2443 romclzm'restar,
673 2408 783 2447 praet.
805 2403 900 2435 verbi
927 2403 1072 2443 cm'rizcr,
1094 2415 1112 2436 e
1139 2414 1208 2446 quo
1238 2413 1352 2446 comp.
1373 2401 1550 2434 doc-acirim·
1571 2400 1631 2444 (gl.
1652 2400 1794 2440 ascisco,

251 2470 285 2502 p.
300 2458 393 2503 844),
414 2458 646 2500 clocuz'retlzar,
666 2459 967 2492 (Ioroelmirse‘ttlm·
987 2458 1175 2502 (adsciscit,
1192 2458 1417 2499 adscivimus,
1434 2469 1468 2501 p.
1481 2459 1558 2489 445.
1575 2456 1668 2500 MS).
1697 2455 1797 2488 Com-

250 2514 446 2558 parandum
471 2520 525 2548 est
549 2515 640 2559 gael.
670 2515 783 2548 subst.
804 2527 874 2555 car,
905 2526 986 2558 gen.
1016 2515 1102 2555 cuir,
1131 2514 1325 2554 conversio,
1354 2513 1448 2546 unde
1476 2512 1616 2545 denom.
1644 2511 1794 2551 cccraieh,

251 2576 405 2612 vertere,
433 2583 586 2605 movere.
608 2572 742 2615 fifiqad,
770 2571 871 2605 visio.
902 2571 1014 2611 αἰναί,
1043 2576 1112 2604 vet.
1141 2571 1221 2612 uiri,
1249 2571 1341 2603 idco.
1375 2569 1462 2608 tend,
1490 2568 1574 2601 hod.
1603 2568 1675 2600 hib.
1703 2567 1794 2611 gacl.

253 2631 367 2668 teamz,
389 2627 521 2667 firmus,
543 2632 670 2667 arctus,
691 2631 827 2661 mutare
852 2627 888 2660 in
915 2627 995 2667 and,
1017 2627 1078 2667 ibi,
1100 2627 1136 2660 in
1162 2639 1202 2660 ea
1221 2627 1270 2671 (in
1296 2624 1525 2659 meditatione
1550 2629 1585 2656 et
1610 2622 1793 2667 sapientia,

252 2688 305 2716 est
323 2683 505 2727 cingulum
524 2684 654 2728 meum)
675 2695 745 2717 non
764 2683 890 2723 audeo,
905 2683 988 2729 quia
1006 2683 1098 2715 clara
1116 2688 1169 2716 est
1187 2682 1247 2715 illa
1262 2682 1405 2727 scriptio
1421 2681 1456 2715 in
1471 2679 1685 2725 apographO,
1700 2678 1796 2711 haud

253 2738 360 2771 dubie
379 2739 485 2772 etiam
504 2740 539 2772 in
559 2740 692 2773 codice.

1579 3094 1963 3202 ndi
