1963 3202
254 61 336 100 920
538 63 617 103 VI.
645 67 683 102 2.
729 76 1022 104 CONSTRUCTIO
1044 78 1226 104 Pon'rmA
1251 78 1511 105 HIBERNICA.

373 174 485 215 Sunt
514 174 666 228 viginti
697 174 902 229 ejusmodi
924 176 1133 230 strophae,
1159 191 1336 230 quarum
1357 191 1545 230 quaeque
1567 184 1629 217 est
1650 179 1802 219 duode-

258 259 409 285 norum
438 258 650 294 versuum,
675 245 726 285 ab
747 245 786 285 A
808 260 940 299 usque
971 247 1023 286 ad
1045 247 1085 287 V
1106 246 1150 286 in
1181 253 1267 286 toto
1300 247 1477 300 psalmo,
1503 247 1655 300 quibus
1677 248 1803 301 epilo-

257 329 336 368 gus
368 315 541 368 triginta
569 328 766 355 versuum
795 315 994 356 succedit.
1038 316 1150 357 Nolo
1171 316 1309 357 videre
1330 316 1615 357 assonantiam
1636 318 1805 358 finalem

257 384 506 438 bisyllabam
527 384 809 438 copulativam
831 400 936 435 -are,
958 393 999 426 ct
1020 386 1093 426 ubi
1114 386 1293 426 occurrit
1313 393 1416 440 puto
1438 401 1526 426 esse
1547 387 1705 428 factum
1724 388 1805 428 for-

258 453 381 503 tuito,
407 469 493 494 non
524 455 732 504 consulto,
758 455 856 508 quia
878 455 1004 496 etiam
1027 472 1064 505 o,
1089 472 1110 496 e
1131 471 1227 496 curn
1248 471 1271 496 r
1291 458 1357 497 vel
1379 472 1475 497 cum
1498 457 1589 497 aliis
1612 457 1805 498 consonis

257 531 358 564 ante
389 539 611 564 commune
640 524 859 564 vinculum
889 540 910 565 e
937 528 1207 576 antecedunt,
1234 527 1299 567 vel
1320 527 1459 581 potius
1482 527 1526 566 in
1549 534 1668 567 tanta
1689 527 1807 581 copia

256 608 408 634 vocum
429 594 677 634 exeuntium
698 594 743 634 in
766 610 786 634 e
806 610 892 640 non
915 597 1156 636 antecedere
1177 611 1263 636 non
1284 604 1476 650 possunt.
1511 597 1665 637 Nescio
1682 612 1735 637 an
1754 597 1807 638 sit

257 665 545 713 statuendum,
572 660 698 704 etiam
722 665 1008 705 assonantiam
1028 665 1234 706 initialem
1256 667 1383 707 fuisse
1404 667 1449 707 in
1470 667 1644 707 consilio
1665 674 1805 707 aucto-

256 734 327 774 ris.
370 734 574 778 Quamvis
595 735 725 775 rarior
746 742 823 784 est,
846 749 933 775 non
955 736 1071 776 deest
1092 743 1200 776 certe
1223 736 1441 790 ejusmodi,
1463 752 1499 777 e.
1519 752 1581 790 gr.
1607 737 1652 776 in
1673 737 1807 790 prima

257 805 430 858 stropha
458 805 502 844 in
532 812 802 858 peecatorum
824 812 1002 858 propter
1028 820 1327 858 praemonere,
1362 820 1536 859 refluum
1565 807 1801 857 reticulum,

256 874 550 929 conlqreqarzti
572 890 717 929 ymas,
743 876 948 916 miserunt
977 876 1106 916 malos
1128 890 1258 924 mare,
1284 876 1444 916 saeculi
1461 891 1675 930 separare,
1700 878 1806 918 retia

254 951 472 998 ruperunt,
497 947 612 985 sedes
634 952 886 986 sanctorum.

369 1015 778 1056 Animadvertuntur
813 1016 1041 1069 peculiaria
1070 1017 1289 1069 quaedam.
1342 1016 1473 1056 Elisio
1503 1017 1711 1058 vocalium
1739 1019 1805 1059 vel

257 1085 604 1126 terminationum
634 1101 730 1126 cum
751 1100 791 1126 m
814 1092 911 1125 ante
933 1086 1095 1126 vocales
1117 1087 1226 1125 facta
1248 1085 1482 1126 interdum:
1515 1087 1687 1127 reticulo
1709 1088 1805 1128 mis·

255 1156 364 1196 so-‘e‘n
387 1170 503 1195 mare
525 1161 559 1204 1,
584 1160 621 1194 3.
647 1156 766 1195 modo
788 1169 866 1208 quo
879 1156 1622 1210 pacto-excusabuntfactum—altare
1643 1164 1804 1199 contra-

256 1227 391 1267 altare
415 1229 452 1275 2,
483 1231 547 1275 10,
574 1227 645 1265 sed
666 1225 765 1266 alibi
787 1225 914 1265 etiam
936 1226 1102 1275 omissa,
1129 1240 1164 1265 c.
1185 1240 1248 1279 gr.
1276 1229 1314 1274 2,
1344 1229 1389 1265 3:
1416 1225 1687 1280 sicfecerunt
1706 1227 1804 1268 scis-

256 1310 400 1336 suram
431 1302 470 1337 et
498 1297 633 1337 altare
662 1301 806 1336 eontra
836 1296 986 1336 altare.
1031 1298 1143 1336 Ante
1165 1296 1326 1336 vocales
1348 1295 1366 1335 i
1384 1296 1538 1336 abolita
1559 1298 1624 1337 vel
1645 1299 1805 1351 prolata

255 1374 303 1406 ut
309 1367 365 1418 j.-
398 1367 685 1419 abundcmgja,
726 1367 985 1420 evanqeljecm
999 1399 1011 1416 ,
1051 1367 1267 1418 ecclesy'clm
1281 1398 1292 1414 ,
1333 1366 1519 1418 (Zjabolo,
1562 1367 1799 1420 tradf‘ty'one,

255 1437 376 1489 aljos,
402 1452 479 1477 nec
511 1444 652 1477 tamen
684 1444 726 1477 et
755 1437 833 1476 hoc
865 1451 1040 1490 semper.
1087 1438 1208 1476 Duae
1238 1436 1421 1490 syllabae
1451 1437 1596 1477 breves
1624 1452 1698 1490 pro
1719 1453 1803 1478 una

255 1514 354 1547 sunt
374 1507 419 1546 in
447 1512 482 1556 1,
512 1513 554 1547 7:
581 1506 768 1561 quisquis
790 1507 935 1547 recolit
955 1506 1226 1560 θυαηφθῐῖαφη,
1251 1505 1298 1545 ni
1317 1505 1543 1559 legendum
1565 1514 1627 1547 est
1648 1508 1757 1548 colit.

367 1578 467 1617 Non
495 1577 633 1618 differt
663 1577 917 1617 constructio
939 1576 1174 1616 carminum
1195 1575 1382 1629 ejusdem
1404 1577 1559 1617 saeculi
1582 1578 1646 1618 vel
1666 1585 1801 1631 poste-

252 1648 409 1688 riorum
440 1647 715 1701 superstitum
738 1662 789 1687 ex
811 1647 891 1687 alia
913 1646 1084 1687 celticae
1106 1645 1289 1685 nationis
1314 1654 1435 1695 terra,
1460 1647 1505 1687 in
1527 1663 1653 1701 quam
1674 1647 1800 1688 chris-

253 1719 367 1759 tiana
389 1718 534 1771 religio
556 1718 682 1758 etiam
702 1717 920 1757 literarum
941 1717 1103 1756 cultum
1122 1715 1281 1764 intulit,
1303 1730 1354 1755 ex
1371 1717 1592 1766 Hibernia,
1614 1717 1698 1757 sive
1715 1717 1801 1757 sola

252 1788 494 1829 assonantia
525 1803 621 1828 cum
651 1796 762 1828 certo
795 1788 1049 1841 syllabarum
1079 1800 1254 1826 numero
1282 1786 1522 1826 dominatur
1543 1787 1587 1827 in
1608 1787 1689 1835 his,
1716 1787 1800 1827 sive

250 1866 413 1912 praeter
434 1873 526 1898 eam
547 1858 728 1898 latinum
751 1872 915 1910 quoque
938 1864 1119 1896 metrum
1140 1855 1376 1895 adhibetur.

366 1929 410 1968 S.
433 1928 619 1976 Patricii,
640 1928 929 1967 Hibernorum
951 1924 1126 1978 apostoli
1148 1926 1217 1976 (ab
1235 1940 1271 1964 a.
1295 1929 1372 1963 433
1397 1939 1529 1977 usque
1550 1926 1601 1964 ad
1619 1939 1655 1964 a.
1680 1928 1794 1976 460),

250 1998 395 2052 nepoti
418 1996 659 2038 Secundino
681 1995 930 2036 adscribitur
952 1994 1134 2047 hymnus
1156 1993 1443 2046 alphabeticus
1465 1994 1508 2033 111
1531 1994 1698 2033 laudeni
1716 1995 1795 2033 Pa-

252 2067 360 2108 tricii
392 2067 528 2107 adhuc
559 2066 642 2106 vivi
673 2068 758 2119 (ap.
790 2065 989 2106 Galland.
1021 2069 1084 2112 10,
1116 2067 1216 2110 183;
1252 2064 1303 2102 cf.
1329 2063 1473 2103 Vitam
1506 2063 1549 2103 S.
1586 2064 1700 2102 Patr.
1727 2078 1793 2116 ap.

250 2138 360 2178 Boll.
388 2138 515 2177 Mart.
544 2141 582 2185 2,
610 2138 723 2187 276),
750 2135 869 2188 cujus
900 2148 1043 2174 versus
1074 2132 1196 2172 metri
1224 2132 1348 2172 latini
1377 2140 1566 2186 expertes
1589 2140 1628 2172 ct
1651 2147 1795 2171 secun—

249 2209 350 2248 dum
381 2207 635 2261 syllabarum
664 2205 893 2253 rationem,
928 2211 976 2243 ut
1003 2203 1189 2256 psalmus
1221 2202 1265 2242 S.
1290 2202 1546 2255 Augustini,
1579 2201 1797 2255 compositi

247 2284 411 2331 praeter
449 2275 733 2317 assonantiam
764 2274 970 2314 initialem
1002 2280 1041 2312 et
1073 2272 1242 2312 finalem
1274 2271 1579 2325 copulativam,
1616 2286 1720 2324 quac
1754 2271 1796 2309 in

247 2349 411 2388 duobus
433 2347 621 2387 versibus
644 2345 809 2398 saepius
832 2345 962 2391 adest,
984 2357 1069 2382 non
1094 2349 1232 2381 tamen
1255 2356 1430 2395 semper,
1452 2340 1710 2394 frequentius
1733 2354 1795 2379 as-

246 2417 484 2458 sonantiam
504 2417 673 2457 finalem
696 2414 908 2454 lateralem
931 2413 1174 2452 ostendunt.
1221 2412 1331 2451 Sunt
1353 2426 1388 2450 c.
1414 2426 1476 2464 gr.
1503 2411 1672 2464 stropha
1695 2411 1731 2449 A
1754 2416 1795 2448 et

268 2490 280 2526 3
304 2502 399 2527 cum
422 2486 661 2527 assonantia
681 2484 799 2525 finali
820 2484 1067 2537 plerumque
1088 2481 1398 2534 nmnosyllaba:

444 2568 448 2620 k
473 2569 631 2612 Audite,
665 2568 669 2617 ἱ
697 2579 823 2602 omnes
849 2566 855 2614 l
882 2570 1047 2601 amantes
1071 2559 1082 2615 {J
1107 2564 1233 2607 deum,
1262 2566 1394 2598 sancta.
1415 2563 1551 2598 merita

384 2637 470 2673 Viri
488 2637 528 2672 in
551 2636 704 2672 Christo
725 2633 832 2670 beati
853 2629 864 2684 Η
888 2631 1031 2669 Patric'i
1056 2631 1060 2679 Ι
1089 2630 1273 2678 episcopi,

383 2704 586 2744 Quomodo
607 2704 749 2738 bonum
771 2701 818 2736 ob
846 2700 851 2748 Ι
878 2704 1003 2735 aetum
1027 2693 1038 2748 Η
1063 2697 1252 2732 similatur
1278 2696 1283 2744 Ι
1311 2695 1468 2743 angelis,

379 2771 668 2817 Perfectmnque
690 2772 844 2817 propter
867 2767 984 2802 vitam
1007 2761 1020 2816 u
1067 2763 1072 2810 ἱ
1100 2768 1287 2810 aequatur
1312 2761 1317 2810 Ι
1345 2761 1539 2809 apostolis.

1941 217 1944 220 ’
1944 0 1959 142 „w
