1963 3202
359 97 440 136 622
679 96 757 137 IV.
784 98 823 136 2.
863 108 1234 137 PRAEPOSITIONES
1256 107 1568 136 BRITANNICAE.

356 209 475 263 cujus
506 223 527 249 c
553 208 775 249 radicalem
794 214 942 261 putare
962 222 1048 248 non
1069 207 1180 247 licet.
1225 207 1445 261 Significat
1464 207 1538 247 lat.
1563 221 1734 261 praepp.
1760 222 1800 256 a,
1825 208 1890 257 ab,

357 280 422 329 de,
449 294 511 328 ex,
535 279 602 319 vel
621 279 695 318 lat.
719 277 954 331 genitivum
976 277 1061 317 sive
1083 276 1313 317 ablativum
1333 277 1422 317 sine
1443 277 1763 331 praepositione.

468 366 674 420 Exempla
693 366 943 406 vetustiora:
970 381 991 405 0
1013 380 1136 406 ceenn
1159 367 1234 419 (gl.
1259 366 1430 416 murice,
1457 366 1588 407 tincta
1608 367 1737 420 lana),
1763 383 1784 407 o
1806 381 1892 408 cor-

355 453 456 478 semz
489 438 565 490 (gl.
597 436 816 485 arundine,
851 434 1156 488 praecinctus),
1192 451 1213 476 o
1243 437 1374 477 coilou
1405 437 1480 490 (gl.
1510 437 1731 490 auspiciis,
1764 436 1893 490 patris

354 522 468 548 arma
497 506 721 558 movebis),
748 521 769 545 0
800 504 956 545 cloriou
978 505 1052 558 (gl.
1079 505 1267 554 tabellis,
1299 508 1483 559 sparsa),
1510 521 1531 546 ο
1555 506 1792 560 yzcz'anmcz‘n
1814 506 1889 560 (gl.

354 591 462 625 vere,
483 576 598 630 prius
615 576 802 615 volucres
820 577 1002 628 taceant)
1020 575 1130 615 inter
1145 576 1301 628 glossas
1320 576 1458 616 Oxon.
1480 591 1501 616 ο
1514 591 1599 629 pen
1617 578 1755 625 claud,
1778 592 1799 615 0
1815 576 1887 625 rit,

354 662 376 686 0
397 660 500 699 aper
520 653 597 685 etc.
624 646 693 697 (ab
714 644 834 684 initio
855 644 1002 694 fossae,
1027 660 1052 685 a
1071 646 1192 694 vado,
1217 660 1241 685 a
1262 645 1460 685 confluxu
1480 661 1614 699 usque
1634 648 1687 686 ad
1711 678 1719 686 .
1745 678 1753 686 .
1778 648 1808 698 .)
1830 646 1888 699 fq.

354 717 399 756 in
427 716 620 769 descript.
645 716 720 755 fin.
754 715 850 754 libri
870 715 1006 754 Land.
1050 715 1256 768 Exempla
1285 729 1307 755 e
1338 716 1479 755 Mab.:
1514 731 1535 755 ο
1562 716 1756 770 yordwal
1783 714 1894 755 brith

433 818 440 826 .
467 801 487 825 o
509 799 675 839 asywrn
696 784 854 824 moru‘il
874 816 882 824 .
908 817 916 824 .
940 816 948 824 .
974 800 996 824 o
1017 799 1090 825 eur
1107 787 1147 837 (e
1168 785 1277 825 corio
1299 785 1524 838 variegato,
1546 800 1597 825 ex
1618 800 1708 826 osse
1727 785 1891 824 belluae

353 856 552 904 marinae,
578 870 629 895 ex
650 870 764 905 auro,
791 855 1002 895 confectae
1022 857 1104 907 res)
1131 859 1167 903 1,
1194 860 1232 894 3.
1258 869 1309 895 ar
1331 856 1419 909 (lyd
1436 854 1570 895 lcwtzw
1591 870 1642 895 ar
1662 870 1735 895 7703
1757 855 1892 896 homno

352 926 636 966 atr-eulassmzt
655 926 771 978 drwy
794 925 1007 979 cloyymler
1024 925 1214 978 oyerdeu.
1236 939 1285 964 ae
1301 926 1491 978 amylder
1508 940 1529 964 0
1546 940 1756 980 anreyymz
1772 924 1892 965 wiro-

354 997 446 1036 deu.
482 996 700 1050 allecossyd
727 1010 747 1035 0
777 1009 944 1049 waryeu
967 994 1095 1046 (diem
1125 1001 1166 1033 et
1195 1001 1361 1034 noctem
1382 994 1489 1034 hanc
1513 995 1800 1048 transigebant
1819 1009 1894 1047 per

352 1064 655 1105 abundantiam
691 1071 915 1113 cantuum,
947 1078 1021 1117 per
1048 1063 1292 1103 varietatem
1320 1071 1499 1116 potuum
1529 1065 1787 1113 oblatorum,
1819 1079 1892 1117 pcr

351 1135 670 1175 multitudinem
700 1134 928 1185 ludorum),
955 1135 1070 1187 clrwy
1099 1132 1368 1186 (Zz'wallrwyd
1394 1148 1415 1173 0
1438 1134 1509 1173 bob
1522 1134 1625 1186 peilz
1648 1136 1738 1187 (per
1758 1133 1891 1187 pleni-

352 1204 541 1244 tudinem
571 1203 705 1243 omnis
727 1203 804 1255 rei)
830 1206 867 1251 2,
897 1206 963 1242 27.
991 1207 1058 1241 29.
1081 1202 1181 1254 perir
1209 1218 1266 1256 yn
1294 1203 1418 1243 llawn
1440 1218 1461 1242 ο
1482 1204 1593 1243 sec-lli
1613 1204 1795 1243 {werdon
1818 1204 1891 1255 (le-

349 1275 422 1314 bes
452 1274 603 1326 plenus
631 1272 810 1326 pecunia
830 1271 1095 1325 Hiberniae),
1121 1273 1198 1312 oed
1217 1271 1382 1326 dryawn
1403 1274 1541 1313 odrwe
1562 1275 1668 1326 (erat
1688 1280 1752 1313 sat
1772 1274 1890 1326 mali)

353 1347 392 1392 2,
420 1347 515 1382 240.
543 1345 637 1382 212.

465 1431 723 1485 Praepositio
747 1432 897 1485 juncta
928 1431 1126 1472 articulo:
1159 1447 1180 1472 o
1208 1432 1357 1473 caitov'r
1384 1432 1463 1473 hac
1495 1447 1541 1473 07·
1563 1433 1789 1474 achmonou
1811 1434 1886 1487 (gl.

348 1504 460 1557 pube
477 1502 820 1555 inguinibusque,
841 1501 993 1554 premit
1009 1501 1172 1541 rabidos
1189 1505 1346 1555 canes),
1361 1518 1407 1542 or
1426 1503 1598 1543 dometio
1617 1503 1691 1555 (gl.
1713 1503 1885 1552 domito,

349 1574 461 1626 quod
490 1571 622 1611 defuit
652 1572 774 1623 orbi),
800 1585 846 1610 or
872 1586 982 1625 qam
1005 1572 1079 1624 (gl.
1104 1572 1255 1621 medio,
1282 1572 1428 1613 instita
1459 1573 1563 1626 tegis
1593 1573 1737 1625 pedes)
1759 1572 1886 1625 gloss.

350 1644 490 1683 Oxou.
516 1642 696 1695 orford,
719 1656 764 1681 or
786 1656 931 1689 omnen,
953 1655 999 1680 07·
1021 1642 1189 1681 auallen
1212 1650 1291 1682 etc.
1313 1644 1355 1695 (a
1372 1642 1452 1691 via,
1473 1658 1497 1682 a
1517 1642 1694 1691 fraxino,
1715 1657 1738 1682 a
1758 1642 1887 1694 malo)

348 1714 406 1766 fq.
432 1712 476 1752 in
506 1711 657 1751 finium
681 1711 1029 1765 descriptionibus
1052 1711 1146 1751 libri
1168 1712 1302 1751 Land.
1324 1727 1432 1765 parc
1454 1712 1595 1766 teccas
1608 1726 1654 1751 07·
1675 1712 1759 1766 byd
1778 1712 1889 1764 (1101·-

349 1790 417 1823 tus
448 1780 754 1836 pulcherrimus
782 1781 948 1834 mundi)
972 1781 1086 1821 Mab.
1116 1786 1152 1830 1,
1181 1784 1247 1821 27.
1278 1782 1413 1835 ywein
1440 1797 1496 1837 yn
1528 1782 1653 1822 llawn
1680 1795 1726 1820 or
1747 1782 1889 1836 dufyr

350 1853 520 1906 (vagina
549 1852 673 1905 plena
702 1853 827 1903 aqua)
850 1852 965 1891 Mab.
994 1856 1031 1900 2,
1059 1855 1154 1891 246.
1198 1852 1356 1891 Eadem
1376 1851 1541 1905 junctio
1563 1844 1659 1891 cum
1678 1851 1888 1905 pronomi-

348 1922 473 1962 nibus
504 1920 769 1975 possessivis:
804 1920 851 1960 ni
875 1920 1071 1961 cleutlmm
1100 1921 1118 1960 τ’
1134 1936 1233 1975 yma
1254 1935 1317 1960 om
1335 1922 1465 1975 ywlat
1483 1935 1535 1975 yr
1552 1921 1761 1974 ywrez'clccc
1784 1923 1888 1974 (non

348 1991 445 2031 veni
466 2005 486 2030 e
508 1990 676 2043 regione
697 2004 788 2029 mea
809 1990 891 2029 huc
914 1991 965 2029 ad
987 1992 1219 2030 ducendam
1240 1993 1431 2042 uxorem)
1454 1991 1569 2030 Mab.
1599 1995 1635 2040 1,
1664 1994 1758 2030 272.
1788 1991 1887 2030 mei-

350 2062 426 2101 ὒωι
449 2076 471 2100 α
490 2061 620 2114 ycqfczs
643 2060 880 2099 omleamcod
902 2091 910 2099 .
935 2092 942 2099 .
968 2092 975 2099 .
1002 2061 1148 2100 ombod
1163 2063 1330 2113 (pueros
1349 2060 1498 2100 sumsit
1520 2075 1605 2099 non
1627 2074 1648 2099 e
1669 2061 1886 2100 voluntate

348 2144 455 2177 mea,
481 2143 502 2168 e
531 2129 780 2182 voluntate),
807 2129 932 2169 (lewis
963 2129 1010 2169 da·
1037 2144 1085 2169 (ze
1115 2130 1183 2170 otlc
1212 2131 1291 2170 vocl
1309 2145 1358 2169 ae
1379 2130 1447 2170 olle
1469 2130 1606 2169 cmvod
1624 2130 1749 2183 (elige
1771 2138 1844 2170 aut
1865 2145 1886 2170 e

346 2199 564 2238 voluntate
596 2205 668 2238 tua
693 2206 765 2238 aut
786 2205 930 2238 contra
952 2199 1228 2252 voluntatem)
1253 2200 1368 2239 Mab.
1397 2204 1433 2249 1,
1463 2204 1528 2239 34.
1556 2203 1650 2239 242.
1685 2201 1886 2255 ccdywedy

348 2268 396 2308 di
422 2268 512 2322 ymz'
541 2267 627 2307 dim
655 2267 723 2307 olla
755 2282 947 2321 neyesseu
970 2271 1091 2321 (num
1122 2269 1232 2309 dices
1262 2279 1308 2309 tu
1330 2269 1435 2309 mihi
1456 2269 1614 2323 aliquid
1635 2270 1685 2309 de
1707 2269 1885 2323 negotiis

349 2338 431 2378 tuis
444 2338 474 2390 ἶ)
499 2338 613 2377 Mab.
643 2341 680 2386 3,
709 2340 774 2376 20.

460 2422 572 2460 Ante
610 2419 858 2473 pronomina
893 2420 1087 2461 inchoata
1116 2422 1347 2462 vocalibus:
1383 2423 1469 2463 dim
1498 2438 1543 2463 00
1572 2422 1687 2463 aweh
1718 2424 1773 2463 da
1808 2438 1884 2477 mys

347 2491 536 2545 mymzaf
558 2492 670 2542 (rem
708 2491 758 2529 de
798 2497 932 2530 vestro
964 2492 1072 2531 bono
1100 2492 1222 2544 nolo)
1247 2493 1361 2531 Mab.
1391 2497 1434 2541 1,
1463 2496 1558 2532 272.
1606 2508 1632 2532 a
1667 2492 1884 2547 dq‘fflcmmc

348 2574 474 2599 (toruo
496 2559 623 2599 omem
645 2574 689 2599 oe
710 2574 758 2599 ecc
770 2559 886 2611 ple'tlc
908 2562 968 2612 (et
989 2560 1192 2614 disparuit
1214 2562 1266 2601 O.
1291 2577 1342 2602 ex
1363 2576 1505 2601 eorum
1526 2561 1680 2613 medio)
1702 2562 1817 2601 Mab.
1844 2566 1880 2610 1,

353 2633 417 2668 15.
450 2644 498 2668 ecc
527 2629 751 2683 lccmylzcyd
778 2644 803 2668 α
830 2629 1075 2683 yollyssynt.
1102 2645 1128 2670 (ι
1158 2631 1302 2670 llawcr
1330 2647 1375 2671 oc
1400 2646 1449 2670 etc
1466 2645 1712 2684 αφονθιιφνιζιρ·
1733 2632 1792 2683 (et
1813 2631 1883 2670 do-

347 2698 511 2737 minum
533 2713 657 2738 suum
678 2698 907 2738 amiserunt
928 2706 969 2738 et
989 2700 1128 2752 plures
1151 2716 1172 2739 e
1193 2701 1432 2740 melioribus
1450 2700 1565 2753 viris)
1585 2702 1699 2741 Mab.
1724 2706 1761 2750 3,
1787 2705 1879 2740 196.

460 2782 715 2822 Pronomina
743 2782 977 2836 personalia
1008 2784 1264 2836 suffiguntur
1285 2785 1439 2823 formae
1460 2792 1606 2824 auctae
1627 2784 1798 2824 OHON
1821 2783 1884 2836 (in
