1963 3202
429 71 481 109 Y.
512 75 546 108 l.
595 82 774 109 innuens
796 82 1002 109 0130110111
1024 83 1076 109 ΕΤ
1102 84 1354 111 mnuvxmo.
1584 74 1663 110 723

236 183 319 221 IX.
363 182 483 220 Duae
519 193 725 220 consonae
760 180 1006 220 inchoantes
1043 181 1226 234 itemque
1262 181 1479 222 finientes:
1521 185 1659 233 elaad,

114 253 243 305 plant
264 251 450 304 (proles),
479 251 616 289 erwzd
635 251 893 302 (rotundus),
918 250 1035 291 slincl
1054 251 1255 304 (pecten),
1268 251 1379 304 flese
1401 253 1563 306 (linea).

233 322 292 360 X.
339 321 439 359 Tres
462 334 668 359 consonae
690 318 936 359 inchoantes
960 335 1055 359 cum
1078 320 1202 359 unica
1223 320 1418 361 finiente:
1450 325 1558 363 ser-fl>
1582 325 1662 375 (hi-

120 391 237 429 bern.
271 389 483 437 scribeml,
519 388 729 441 scribere).
775 389 918 442 Hujus
950 389 1116 438 classis,
1150 389 1269 442 cnjus
1300 398 1401 431 sunt
1431 392 1556 433 etiam
1587 395 1657 434 lat.

118 459 260 506 stlala,
286 464 435 510 strepa,
462 458 608 507 strido,
627 458 717 511 jam
738 473 871 512 pauca
893 468 992 499 sunt
1014 459 1219 512 exempla.

233 528 414 568 Celticae
442 527 599 567 radices
624 535 764 568 autem
786 529 851 568 vel
872 529 1027 569 latinae
1050 544 1164 568 rarae
1187 537 1299 578 sunt,
1326 546 1431 584 quae
1453 532 1663 586 incipiunt

120 613 143 638 a
172 598 319 645 tribus,
345 597 544 637 desinunt
572 597 617 637 in
645 598 748 637 duas
776 613 996 647 consonas,
1021 606 1067 637 111
1090 598 1163 638 lat.
1188 600 1397 652 splendeo,
1423 603 1596 656 strowe,
1623 613 1664 645 et

118 668 188 708 vix
224 666 437 707 invenitur
468 666 607 719 aliqua
638 667 861 707 terminata
891 683 913 707 a
945 669 1100 715 tribus,
1135 675 1182 707 nt
1212 683 1343 721 germ.
1378 671 1496 711 herlae
1524 674 1657 725 (goth.

119 737 282 785 bairht,
317 737 474 782 clarus,
509 751 613 789 quae
650 738 794 777 eadem
829 738 948 777 radix
977 737 1104 777 etiam
1135 738 1277 778 subest
1307 740 1468 779 nomini
1499 749 1663 783 vetusto

118 807 325 847 Burcturi
345 807 448 846 Tab.
475 808 617 854 Pent.‚
640 808 750 860 quod
772 807 871 847 alibi
892 807 1150 847 commodius
1175 806 1234 845 ori
1254 821 1426 848 romano
1448 818 1510 850 est
1528 812 1662 853 Bruc-

119 877 236 929 teri),
264 876 376 917 tenlet
404 877 466 928 (in
497 877 667 917 nomine
696 885 861 917 vetusto
898 876 1120 928 Tencteri),
1147 876 1352 929 siquidem
1384 886 1424 918 et
1455 880 1532 920 hae
1561 891 1658 923 sunt

116 961 251 987 merae
272 946 444 995 radices,
466 954 506 986 et
527 961 613 986 non
635 947 844 987 derivatae
866 961 1000 987 voces.
1037 947 1176 986 Multo
1197 946 1338 987 minus
1359 953 1661 1002 exspectandae

117 1025 216 1057 sunt
256 1031 375 1056 voces
416 1018 647 1056 secundum
683 1017 906 1066 formulas,
943 1031 1049 1070 quae
1085 1017 1222 1056 adhuc
1258 1018 1444 1057 construi
1480 1022 1657 1073 possint,

118 1087 355 1135 SCERCT,
383 1088 664 1136 SCRERCT,
690 1087 724 1126 si
755 1101 961 1127 consonae
983 1085 1232 1139 incipientes
1255 1087 1336 1136 SC,
1364 1088 1488 1138 SCR,
1512 1092 1661 1132 finien-

117 1167 176 1197 tes
199 1158 314 1197 RCT
337 1157 641 1209 significantur.

229 1228 383 1266 Earum
404 1227 592 1267 radicum
613 1227 775 1280 copiam
797 1241 964 1267 omnem
986 1225 1177 1279 coIIIgere
1199 1234 1240 1266 et
1260 1241 1333 1280 per
1353 1228 1486 1269 varias
1508 1231 1659 1272 classes

116 1297 414 1338 vocabulorum
430 1297 693 1350 singulorum
710 1297 889 1349 origines
908 1304 947 1337 et
965 1296 1285 1350 propagationes
1303 1297 1516 1351 indagare,
1537 1301 1660 1342 lexici

116 1369 229 1408 hand
255 1367 380 1407 dubie
402 1367 620 1420 negotium
641 1375 718 1416 cst,
744 1382 829 1407 non
850 1366 1155 1420 grammatices,
1182 1381 1287 1419 quae
1308 1368 1447 1420 potius
1469 1369 1660 1422 pluribus

115 1438 353 1479 eommunia
375 1439 578 1477 observat.

226 1509 262 1548 E
293 1508 451 1561 syllaba
481 1508 651 1547 radicali
681 1508 795 1547 nuda
826 1508 936 1546 finnt
965 1521 1085 1546 voces
1117 1505 1343 1560 bisyllabae
1373 1509 1439 1548 vel
1470 1509 1657 1562 plurium

115 1578 367 1632 syllabarum
390 1577 582 1625 flexione,
608 1577 876 1625 derivatione,
899 1575 1213 1629 compositione.
1250 1578 1283 1616 F
1286 1577 1463 1618 lexionis
1486 1581 1657 1633 syllabis

115 1649 287 1687 indutae
319 1662 437 1686 voces
469 1647 703 1700 primitivae
733 1647 902 1700 quidem
934 1646 1070 1696 adbuc
1104 1646 1317 1695 dicuntur,
1342 1662 1428 1688 non
1451 1651 1659 1691 derivatae

115 1718 285 1765 scilicet,
307 1724 451 1757 auctae
474 1726 614 1757 tamen
637 1724 749 1766 sunt,
772 1716 1046 1757 servientibus
1068 1715 1199 1755 literis
1223 1717 1566 1760 terminationuln
1585 1736 1657 1761 no—

114 1788 238 1827 minis
269 1787 334 1826 vel
362 1787 488 1835 verbi,
515 1802 619 1840 qnae
649 1788 693 1828 in
724 1787 1068 1841 praecedentibus
1100 1786 1214 1825 libris
1244 1797 1510 1829 enumeratae
1540 1799 1654 1838 sunt,

115 1859 325 1897 formatae.
374 1858 665 1898 Uerivatarum
694 1865 735 1898 et
766 1857 1091 1910 compositarum
1112 1871 1261 1896 vocum
1284 1857 1487 1899 finanulae
1509 1861 1572 1899 vel
1596 1875 1655 1899 re-

113 1928 234 1980 gulae
256 1928 298 1966 111
321 1927 590 1980 sequentibus
614 1927 819 1981 capitibus
844 1928 1074 1967 tradentur.

589 2226 816 2272 CAPUT
862 2227 1163 2272 PRIMUM.

671 2361 744 2405 De
773 2361 1085 2407 derivatione.

223 2492 380 2531 Celtica
410 2493 610 2533 derivatio
631 2507 717 2533 non
739 2493 879 2533 minus
901 2493 1067 2547 copiosa
1089 2508 1215 2546 quam
1236 2494 1280 2534 in
1302 2495 1393 2534 aliis
1417 2495 1572 2549 linguis
1594 2498 1651 2536 af-

108 2562 277 2609 finibus,
304 2571 349 2601 nt
381 2562 425 2601 in
458 2562 537 2611 his,
564 2565 611 2602 fit
645 2570 730 2602 tam
751 2563 961 2603 vocalibus
985 2579 1110 2616 quam
1132 2565 1339 2604 consonis.
1385 2565 1560 2605 Vovalcs
1583 2567 1650 2606 de-

108 2631 287 2672 rivantes
310 2640 486 2685 possunt
508 2633 677 2685 quidem
694 2632 897 2672 alternare
915 2649 1012 2674 cum
1028 2634 1355 2674 derivationibus
1373 2649 1649 2676 consonarum

108 2702 169 2740 vel
201 2702 370 2755 syllabis
406 2703 692 2742 derivantibus
724 2703 775 2742 ab
807 2702 954 2743 iisdem
986 2704 1186 2752 formatis,
1223 2718 1307 2743 non
1338 2705 1654 2757 subsequuntur

107 2780 242 2811 tamen
266 2773 381 2825 ipsae
404 2773 514 2812 solae
536 2772 598 2812 bis
622 2773 685 2812 vel
709 2780 783 2818 ter,
806 2780 852 2812 ut
876 2774 1057 2826 syllabae
1075 2788 1170 2813 cnm
1188 2773 1381 2812 consonis
1399 2774 1649 2814 derivantes.

1295 2846 1310 2877 -1
1324 2846 1343 2875 (ι
