1963 3202
271 17 353 57 862
553 18 607 58 V.
635 21 674 57 2.
718 30 979 58 COMPOSITIO
1001 30 1272 60 BRITANNICA
1295 31 1530 59 NOMINUM.

269 131 414 171 eadem
445 144 526 171 vox
555 143 652 170 cum
680 144 830 170 armor.
865 130 964 171 fem.
998 136 1064 172 tra
1096 131 1222 184 (res),
1255 130 1483 185 quaeritur.
1529 132 1658 172 Porro
1685 132 1818 173 MAN

270 200 538 254 congreditur
568 215 664 240 cum
695 199 969 241 substantivis
1000 208 1042 242 et
1068 201 1282 255 adjectivis
1305 216 1353 242 eo
1374 201 1459 242 fere
1479 203 1618 251 modo,
1643 208 1692 242 ut
1713 201 1814 251 wid,

270 271 352 320 -lit,
377 271 422 311 in
450 270 693 311 nominibus
724 270 941 311 cambricis
969 270 1154 312 virorum
1177 274 1236 326 (p.
1266 274 1379 324 792),
1404 286 1482 312 nec
1510 286 1598 313 non
1619 272 1665 312 in
1685 272 1818 313 nomi-

269 341 395 381 nibus
428 340 570 380 avium
602 340 877 394 quibusdam,
910 340 955 381 in
987 341 1139 396 quibus
1169 342 1373 396 adjectivo
1402 356 1501 383 mem
1530 344 1721 397 (parvus)
1752 343 1820 383 vel

270 412 350 452 bam
374 411 522 463 (altus)
544 425 631 450 non
663 411 862 451 concede*
891 412 1032 452 locum
1062 412 1235 466 aliquis:
1270 413 1432 467 tylluan
1455 413 1609 466 (ulula)
1632 413 1749 453 Mab.
1777 417 1816 462 3,

271 485 367 531 214,
397 481 554 535 yolmm
578 482 770 534 (passer),
797 481 1000 523 berthum
1023 484 1179 536 (parra)
1202 484 1378 532 Vocab.‚
1403 483 1447 522 in
1479 497 1658 536 quorum
1683 483 1820 537 priore

268 552 358 591 loco
388 551 507 591 facile
538 550 844 604 dignoscuntur
873 554 1026 593 cambr.
1059 554 1192 594 subst.
1220 554 1307 594 twll
1326 553 1579 607 (spelunca),
1605 553 1687 607 adj.
1709 554 1824 608 φατοί

271 623 463 675 (purus),
498 621 614 661 berth
640 621 867 676 (pulcher).
913 624 1166 677 Congruunt
1193 625 1299 664 bene
1327 638 1422 663 eum
1454 623 1519 663 his
1550 624 1723 664 nomina
1752 639 1819 664 ve-

269 699 396 742 tusta,
419 692 570 745 quibus
588 691 689 732 item
705 692 910 745 adjectiva
926 695 1122 743 subsunt,
1138 693 1385 743 Cenomani,
1402 693 1604 734 Germani
1623 696 1683 748 (p.
1703 696 1817 748 735),

269 769 311 802 et
339 762 544 815 quaedam
570 761 680 802 inter
709 762 883 803 nomina
911 763 1095 804 virorum
1125 764 1344 812 cambrica‚
1370 770 1418 803 ut
1444 765 1609 804 Teeucm
1631 765 1747 805 Mab.
1776 767 1816 813 2,

271 837 350 872 208
375 847 426 873 ex
448 832 530 886 adj.
559 838 618 873 teo
639 833 896 886 (formosus).

385 907 424 943 2.
460 903 696 944 Substan
710 904 820 943 tiva
850 918 964 943 cum
994 903 1299 957 adjectivis.
1342 904 1453 945 Sunt
1473 919 1559 945 non
1580 903 1819 957 infrequen-

270 973 328 1014 tia
356 973 563 1014 cambrica
593 972 652 1013 ita
682 973 926 1026 composita.
968 972 1214 1014 Vetustiora
1245 988 1266 1013 e
1295 974 1444 1026 glossis
1467 975 1634 1014 Oxon.:
1671 976 1819 1016 bronn-

271 1043 404 1084 breith
434 1046 618 1097 (pectore
645 1042 924 1096 variegatus),
951 1043 1247 1096 bleuportlzelic
1268 1043 1344 1097 (gl.
1371 1043 1564 1097 laniger).
1609 1045 1645 1085 E
1675 1046 1817 1085 Mab.:

270 1115 496 1169 bronnwyn
519 1115 717 1167 (pectore,
736 1119 881 1153 ventre
903 1113 1037 1162 albus,
1060 1113 1192 1166 canis)
1217 1119 1253 1162 1,
1276 1119 1371 1154 274.
1397 1114 1542 1154 march
1563 1115 1822 1170 mynyyrych

271 1187 421 1238 (equus
447 1184 552 1237 juba
583 1183 761 1237 crispus)
789 1188 825 1232 1,
853 1186 921 1223 26.
942 1198 1074 1238 ymas,
1095 1185 1418 1239 ywrpenyrych
1441 1187 1576 1239 (puer,
1602 1186 1665 1225 vir
1686 1186 1821 1240 capite

272 1255 467 1308 crispus),
494 1268 680 1309 morwyn
704 1252 934 1307 bermqrcch
957 1254 1116 1307 (puella
1138 1255 1316 1295 caesarie
1338 1255 1489 1309 crispa)
1512 1261 1548 1305 1,
1572 1260 1610 1295 3.
1635 1261 1700 1296 14.
1724 1259 1820 1296 281.

276 1328 371 1365 282.
405 1323 643 1365 mar-ohaam
654 1325 878 1377 perzdrwm
901 1326 1045 1377 (eques
1063 1324 1198 1378 capite
1219 1325 1372 1378 gravis,
1398 1325 1534 1379 capite
1555 1326 1753 1379 demisso)
1778 1331 1818 1376 2,

272 1400 338 1435 37.
363 1394 510 1435 march
522 1394 766 1447 pemmclzel
784 1396 934 1447 (equus
956 1394 1092 1448 capite
1114 1395 1292 1448 elevato)
1318 1399 1355 1445 2,
1384 1399 1479 1436 388.
1504 1396 1819 1452 leyntffiwytlc-

271 1466 381 1506 laum
406 1465 615 1519 qlotucczoo·
646 1463 731 1516 (via
761 1463 977 1504 fructuum
1006 1465 1132 1518 plena
1161 1465 1359 1519 gloriosa)
1385 1469 1422 1515 2,
1451 1470 1518 1506 26.
1555 1467 1700 1508 march
1723 1467 1820 1508 elot-

269 1550 388 1576 uawr
410 1537 561 1588 (equus
583 1549 761 1588 magnae
782 1534 956 1588 gloriae)
982 1537 1020 1583 2,
1049 1539 1144 1575 240.
1752 1524 1755 1527 μ

384 1610 422 1645 3.
468 1604 832 1645 Substantiva
872 1619 987 1645 cum
1018 1605 1210 1646 verbis.
1256 1608 1461 1661 Exempla
1482 1608 1707 1648 cambrica:
1735 1614 1820 1648 etn-

269 1675 476 1716 coillmam
495 1675 571 1728 (gl.
593 1676 644 1715 ab
666 1675 821 1728 aspicio
839 1689 1021 1729 auspex3
1043 1697 1100 1709 Ξ
1115 1676 1328 1731 avispicio,
1349 1684 1453 1727 cten,
1474 1678 1580 1731 avis)
1597 1679 1655 1732 gl.
1677 1678 1816 1719 Oxon.

257 1745 616 1801 ffiwyngslymhu,
631 1744 946 1800 ffiwynqumu
969 1746 1104 1799 (frena
1124 1748 1313 1801 nodare),
1325 1747 1710 1804 ffiwynqumawd
1729 1750 1820 1801 (no-

268 1816 400 1869 davit)
424 1816 540 1855 Mab.
569 1819 607 1864 2,
636 1820 703 1855 38.
732 1820 798 1855 39.
826 1821 893 1855 41.

384 1891 423 1925 4.
457 1885 736 1939 Adjectiva
767 1900 880 1925 cum
911 1887 1282 1927 substantivis.
1313 1888 1423 1928 Sunt
1440 1888 1675 1941 frequentia
1691 1887 1817 1941 hujus

269 1955 581 2011 compositionis
604 1955 794 2009 exempla
816 1955 1064 2005 britannica,
1087 1964 1135 1997 ut
1156 1957 1384 1997 hibernica.
1421 1958 1643 1999 Sufficient
1660 1957 1814 2011 aliqua.

382 2028 432 2067 E.
457 2041 519 2080 gr.
555 2025 761 2065 cambrica
790 2025 993 2079 adjectiva
1021 2027 1176 2067 colores
1206 2027 1437 2067 indicantia
1465 2042 1562 2068 cum
1590 2027 1819 2069 substanti-

269 2097 351 2138 vis:
381 2097 589 2151 fflcmfrut
617 2096 763 2148 (albus
794 2095 956 2149 amnis)
979 2096 1073 2136 Lib.
1111 2097 1247 2137 Land.
1277 2102 1370 2137 148.
1405 2099 1603 2152 rudpull,
1631 2097 1824 2153 ylaspzcll

270 2168 427 2220 (rubra,
452 2167 602 2221 glauca
622 2166 749 2219 fossa)
773 2166 866 2206 Lib.
894 2167 1030 2207 Land.
1060 2172 1125 2207 74.
1156 2171 1250 2207 148.

382 2236 602 2291 Adjectiva
629 2237 708 2278 laen
733 2239 894 2290 (senex,
918 2239 1151 2290 vetustus),
1177 2252 1267 2279 cam
1290 2240 1479 2291 (curvus)
1502 2246 1581 2279 etc.
1606 2252 1702 2278 cum
1724 2238 1819 2278 sub-

271 2307 486 2349 stantivis:
522 2306 678 2348 leendat
699 2307 774 2361 (gl.
801 2309 947 2361 avus),
981 2307 1173 2349 hemmam
1197 2308 1272 2362 (gl.
1297 2309 1407 2362 avia)
1430 2309 1475 2349 in
1499 2308 1648 2363 glossis
1675 2309 1814 2348 Oxon.

270 2380 306 2419 E
327 2378 432 2418 libro
450 2379 638 2418 Landav.
658 2393 666 2417 ε
692 2377 862 2418 laeam-it
880 2382 945 2417 70.
971 2377 1152 2418 bench-eb
1174 2383 1239 2418 71.
1264 2378 1409 2420 leenalt
1427 2385 1492 2419 75.
1519 2379 1704 2434 beaford
1723 2382 1814 2418 146.

270 2449 492 2501 beaupont,
513 2447 694 2501 henpont
714 2452 807 2487 199.
842 2449 878 2488 Ε
901 2449 1016 2488 Mab.
1036 2463 1044 2488 :
1068 2448 1247 2503 henllys,
1267 2449 1490 2490 hemzeuad
1505 2452 1689 2503 (vetusta
1705 2449 1818 2501 aula)

272 2523 310 2568 2,
342 2523 405 2558 13.
434 2523 472 2567 3,
501 2522 595 2558 372.
629 2518 823 2567 hema-isc,
858 2518 1067 2559 hendillat
1087 2519 1231 2571 (vestis
1265 2520 1467 2572 obsoleta)
1496 2524 1531 2569 1,
1559 2523 1655 2559 250.
1683 2523 1722 2568 2,
1749 2521 1814 2558 24.

270 2589 492 2629 laenwraeh
524 2589 684 2641 (vetula
712 2588 880 2641 mulier)
905 2591 944 2636 2,
972 2593 1065 2629 199.
1112 2592 1262 2631 Porro:
1297 2591 1500 2631 oamdubr
1521 2591 1665 2643 (curva
1694 2590 1818 2642 aqua)

270 2660 374 2699 Cod.
400 2659 606 2699 Lichfeld.
641 2658 829 2713 camfrut
857 2660 1026 2707 (curvus
1056 2660 1245 2713 fluvius),
1271 2660 1473 2715 camyuz'li
1492 2662 1661 2713 (curvus
1683 2659 1817 2710 vicus)

271 2728 364 2768 Lib.
391 2730 526 2769 Laud.
558 2733 649 2769 133.

1854 3043 1963 3202 Lu
