1963 3202
177 59 284 97 1144
836 70 1060 98 ADDENDA.

290 171 341 210 P.
368 173 466 218 958,
490 170 519 209 l.
552 175 615 210 10.
659 169 916 211 Assonantia
947 169 1087 210 finalis
1116 170 1180 209 bis
1212 171 1414 224 copulans
1445 171 1564 212 binas
1592 171 1722 211 lineas

177 239 408 292 (distichon
428 239 533 280 mihi
554 254 651 280 cum
673 240 914 281 assonantia
935 240 1235 294 contraposita)
1259 247 1321 280 est
1343 240 1466 281 solita
1486 241 1618 282 forma
1636 240 1722 295 epi-

177 309 422 365 grammatis
455 310 665 359 cambrici,
699 312 812 364 quod
843 309 995 351 dicitur
1019 310 1198 363 pennill,
1228 312 1330 351 dum
1361 311 1490 351 trium
1519 312 1723 351 linearum

179 381 436 435 epigramma
465 380 618 421 dicitur
643 381 810 436 enylyn.
854 380 989 421 Valde
1011 380 1166 421 usitata
1187 388 1287 422 sunt
1307 381 1432 421 hodie
1454 396 1618 435 quoque
1641 381 1725 434 epi-

178 458 413 506 grammata
451 451 556 491 haec
578 451 817 504 pemzz'llion
848 451 984 500 dicta,
1016 466 1178 491 morum
1209 458 1430 505 praecepta
1461 452 1726 505 potissimum

179 521 404 570 trade-ntia,
428 521 538 562 inter
559 522 776 572 cambros,
802 536 980 576 quorum
1002 535 1090 562 esse
1112 521 1311 562 dicuntur
1333 521 1518 575 quidam,
1540 521 1609 575 qui
1632 536 1727 562 cen-

179 600 272 632 tum
301 591 462 646 aliquot
491 591 719 646 proferant,
745 599 917 632 cantum
949 591 1259 632 accuratissime
1292 592 1452 632 cithara
1480 592 1727 633 comitantes

179 663 250 715 (cf.
271 662 622 703 Cambro-Briton
648 667 684 712 1,
709 667 775 703 69.
799 668 865 712 70,
886 662 931 702 in
954 677 1035 717 quo
1055 663 1160 703 libro
1181 663 1226 703 in
1247 662 1439 717 pluribus
1461 662 1561 702 loc-is
1585 651 1730 702 eorum

180 733 317 774 multa
346 733 521 774 collecta
550 732 860 786 inveniuntur).
905 733 1062 774 Lineae
1084 734 1149 773 vel
1170 734 1356 774 membra
1377 733 1536 773 octonis
1559 732 1729 787 syllabis

181 811 392 853 constant,
416 803 550 844 rarius
579 803 718 853 nonis,
743 818 780 844 e.
805 818 867 857 gr.
892 804 937 844 in
967 804 1061 854 hoc,
1087 804 1206 858 cujus
1239 803 1447 844 sententia
1468 810 1612 844 contra
1635 803 1729 843 soli-

180 882 273 915 tum
301 888 426 914 usum
456 873 583 914 etiam
611 873 656 914 in
686 875 870 915 secundo
902 874 1082 914 disticho
1104 874 1376 915 continuatur
1399 873 1726 927 (Cambro-Brit.

179 960 222 999 p.
250 946 345 998 29):

227 1050 321 1100 Dyn
343 1063 365 1085 (ι
382 1063 476 1098 (saro
494 1050 620 1098 yrwtlc
642 1063 664 1085 a
687 1049 826 1098 chelyn,
856 1045 868 1101 Η
891 1050 975 1086 sain
997 1049 1255 1098 cyn‘qlzmzecld,
1283 1050 1352 1085 ofin
1373 1062 1420 1097 (ly
1442 1049 1593 1097 enylgsn,

230 1132 251 1154 α
270 1131 344 1167 qm·
362 1132 388 1167 y
402 1117 546 1164 pethau
566 1130 690 1166 mwya
713 1116 841 1162 lirion,
870 1113 883 1168 ΙΙ
905 1118 990 1167 sy'n
1009 1132 1035 1167 y
1056 1119 1128 1167 ms
1139 1117 1320 1166 y'mhlz’th
1343 1116 1537 1166 cmzqyle'o7z.

235 1186 289 1222 I'r
309 1187 358 1221 ἰἱη
381 1185 424 1221 m'
443 1185 556 1221 electro
578 1185 651 1221 (Zo'n
673 1198 695 1221 α
717 1185 891 1229 clamem,
921 1181 933 1237 Η
957 1185 1000 1221 ni
1020 1184 1126 1221 elmir
1144 1185 1271 1232 gymlclo
1292 1198 1395 1221 waws
1417 1198 1436 1220 0
1455 1183 1608 1233 fsarz'ad,

217 1255 267 1302 fe
288 1253 392 1289 wel&
412 1253 511 1298 leton,
541 1258 599 1289 tra
621 1253 741 1302 byddo
765 1253 858 1302 ὀψο,
889 1249 900 1305 Η
922 1267 975 1302 yn¹
993 1255 1062 1301 φῇς
1081 1266 1159 1301 ycm
1181 1253 1296 1301 (ldssl,
1324 1265 1347 1287 a
1370 1252 1457 1288 clads
1474 1265 1552 1300 yma
1575 1252 1698 1288 clcluw.

179 1347 341 1391 “Homo
371 1354 438 1402 qui
469 1358 570 1390 amat
601 1357 761 1391 crottam
790 1359 827 1390 et
855 1355 1027 1403 harpam,
1063 1368 1201 1391 sonum
1230 1354 1484 1398 assonantiae,
1513 1357 1667 1389 cantum
1698 1358 1736 1389 ct

1206 1422 1452 1470 epigramma,

187 1496 289 1527 amat
308 1504 369 1527 res
391 1491 556 1527 maxime
579 1490 776 1534 amabiles,
805 1503 902 1538 quae
925 1495 1015 1526 sunt
1035 1490 1075 1525 in
1097 1490 1202 1526 coelo
1224 1490 1264 1526 in
1284 1490 1410 1525 medio
1432 1489 1669 1537 angelorum.

186 1561 226 1596 Is
258 1559 363 1596 solus
395 1559 462 1607 qui
492 1572 570 1595 non
601 1563 704 1595 amat
724 1563 860 1595 tonum
882 1562 920 1594 et
942 1562 1183 1603 concentum,
1210 1570 1288 1593 non
1310 1562 1411 1593 amat
1432 1557 1472 1593 in
1494 1570 1534 1593 se
1555 1557 1736 1593 virtutem

1295 1624 1433 1661 amoris
1450 1637 1456 1669 3

187 1694 381 1731 videbitur
410 1695 485 1740 hic,
514 1695 698 1743 quamdiu
728 1693 845 1730 fuerit
875 1693 998 1737 vivus,
1026 1691 1066 1728 in
1087 1692 1173 1728 odio
1196 1705 1284 1729 cum
1304 1692 1459 1728 homine
1483 1696 1519 1728 et
1541 1691 1628 1728 odio
1651 1704 1738 1728 cum

1344 1751 1461 1796 deo.”
