1963 3202
265 71 346 109 874
480 74 534 113 V.

563 78 600 113 {Q

653 88 864 115 COMPOSIT
871 89 912 116 [O
936 89 1096 117 BRITAN
1103 90 1205 118 NICA
1228 90 1281 118 PA
1288 91 1415 118 RTICU
1421 90 1472 117 LA
1478 92 1505 117 R
1511 92 1571 118 UM
1582 110 1589 117 .

261 183 465 236 adjectiva
495 187 700 228 cambrica
728 194 851 228 aucta
881 188 1174 230 terminatione
1195 190 1458 244 aequalitatis
1482 196 1539 230 -et
1560 192 1619 244 (p.
1648 194 1746 244 307)
1769 199 1810 232 et

261 252 505 296 inchoantia
534 271 558 296 a
586 272 836 311 quacunque
867 272 1064 308 consona,
1090 275 1195 313 quae
1217 260 1461 300 destituitur
1482 274 1644 314 semper
1665 261 1709 300 in
1731 261 1809 302 hac

260 325 544 366 connexione:
579 327 840 382 eywynnlzet,
873 336 1118 384 cynwymzet
1140 332 1289 384 (aeque
1319 331 1481 380 albus),
1517 331 1681 385 cycluet,
1711 347 1807 386 eyn-

260 396 357 436 cluet
378 398 527 449 (aeque
547 397 684 450 niger)
708 398 824 438 Mab.
852 402 890 446 2,
919 403 1014 438 377.
1043 404 1137 440 378.
1170 401 1383 455 kygjoehet,
1410 400 1639 455 kngsochet
1660 402 1807 454 (aeque

258 467 399 519 ruber)
425 470 462 515 2,
491 471 586 507 376.
615 472 710 507 378.
756 469 933 509 Cornice
963 469 1008 509 in
1038 470 1102 510 his
1132 478 1195 511 est
1226 470 1293 511 lte-
1325 471 1414 511 sine
1443 479 1543 511 nota
1574 471 1716 511 addita
1737 473 1806 512 ad-

254 535 433 589 jectivo:
470 537 602 590 hepar
624 533 807 592 (aequali
836 540 975 589 modo,
1002 554 1097 579 curn
1120 548 1319 594 sequente
1341 541 1396 581 ha
1417 563 1473 574 Ξ
1494 542 1648 581 (ambr.
1675 557 1714 592 α,
1740 544 1806 587 ccc)

259 607 377 646 Pass.
406 611 472 657 39,
502 612 539 648 3.
568 613 636 657 40,
665 613 703 648 3.
737 608 948 664 kekyffris
971 611 1135 659 (eodem
1164 612 1312 661 modo,
1349 611 1493 664 etiam)
1522 616 1612 661 124,
1642 615 1679 652 2.
1711 617 1803 662 138,

259 681 297 716 3.
329 681 421 727 169,
449 682 487 717 4.

372 749 498 789 COM
521 750 664 802 (emm,
701 763 819 799 cem-,
855 765 979 805 egum,
1016 752 1120 805 cas„
1157 752 1256 806 cef-,
1292 753 1400 807 cyfi)
1423 753 1588 792 videtur
1619 753 1806 793 obtinere

257 818 384 858 etiam
405 827 502 859 ante
525 826 695 859 tenuem
714 819 759 859 in
775 821 923 873 glossis
942 822 1148 862 Luxemb.
1168 837 1175 861 :
1203 827 1385 862 eomtoou
1403 823 1478 875 (gl.
1501 823 1803 872 stemieamina,

255 889 394 929 forsan
424 890 532 929 male
562 890 766 944 scriptum
795 906 818 931 a
849 891 1047 945 scriptore
1075 893 1198 945 plura
1229 894 1352 932 modo
1372 893 1585 933 barbarico
1606 895 1806 934 reddente

255 974 330 1013 pro
359 960 554 1009 stamina,
581 967 875 1009 contexturae3
901 962 968 1002 0111
990 962 1290 1002 conferendum
1311 963 1476 1003 videtur
1497 965 1628 1004 subst.
1658 970 1709 1013 lo,
1736 979 1804 1017 ag-

254 1044 366 1079 men,
393 1031 525 1084 copia,
550 1046 593 1085 p.
623 1036 715 1080 163,
742 1046 796 1071 an
828 1032 954 1071 etiam
975 1032 1020 1072 in
1041 1032 1188 1072 iisdem
1210 1032 1358 1085 glossis
1382 1032 1552 1072 obvium
1574 1033 1806 1074 lumtertoe-

255 1100 324 1147 tie,
355 1101 412 1154 gl.
439 1100 746 1154 501111ς11ῑ1115ἐ).
795 1102 945 1141 Forma
973 1102 1070 1142 eim·
1100 1102 1255 1155 legitur
1285 1101 1422 1142 adhuc
1451 1102 1496 1142 in
1527 1102 1698 1142 nomine
1728 1103 1805 1142 viri

259 1170 523 1211 Oimee‘lliauc
545 1172 639 1211 Lib.
666 1172 803 1211 Land.
831 1177 926 1212 225.
955 1176 1050 1212 227.
1079 1178 1174 1213 246.
1202 1177 1297 1212 253.
1337 1172 1584 1213 Cimelliazcc
1607 1178 1702 1222 240,
1738 1173 1805 1213 Οἰ-

254 1241 447 1281 »miliano
466 1244 560 1290 252,
580 1257 654 1296 pro
678 1257 759 1295 quo
781 1242 881 1283 alibi
897 1242 1052 1296 legitur
1073 1243 1325 1284 Ge‘eceillicmc
1343 1243 1413 1295 (cf.
1434 1258 1476 1296 p.
1503 1248 1614 1297 136).
1650 1245 1805 1285 Occur—

252 1310 307 1351 rit
326 1312 573 1366 plerumque
594 1320 692 1353 ante
712 1314 874 1354 vocales
897 1321 937 1354 et
960 1313 1140 1367 liquidas
1157 1314 1202 1353 in
1219 1313 1390 1354 vocibus
1408 1314 1647 1354 cambricis:
1674 1314 1804 1354 kana-

253 1396 332 1430 eos,
359 1382 539 1437 kyfayos
562 1384 885 1438 (propinquitas,
911 1384 1122 1436 vicinitas)
1146 1385 1248 1437 Leg.
1278 1388 1314 1423 1.
1344 1386 1410 1423 32.
1439 1388 1476 1423 6.
1504 1385 1618 1424 Mab.
1646 1390 1681 1434 1,
1705 1389 1800 1424 236.

252 1452 641 1507 kyfim'llt<a111ic11s)
666 1451 782 1495 Mab.
813 1460 848 1504 1,
880 1460 944 1495 11.
979 1454 1177 1509 leyfccrelz,
1213 1453 1394 1508 eynarde
1427 1454 1661 1507 (salutatio)
1685 1456 1800 1495 Mal).

252 1523 308 1577 fq.
344 1525 530 1579 cyfyeillc
554 1525 645 1578 (qui
667 1532 730 1566 est
751 1526 938 1580 ejusdem
960 1526 1149 1578 linguae)
1173 1525 1289 1564 Mab.
1318 1528 1356 1573 2,
1385 1528 1479 1563 231.
1506 1524 1646 1578 lcqfuc,
1673 1525 1805 1565 Irenae

253 1593 459 1646 (ejusdem
486 1595 746 1644 altitudinis3
771 1617 827 1629 =
848 1595 1027 1650 kyfetch)
1061 1597 1164 1648 Leg.
1195 1599 1231 1634 1.
1260 1599 1326 1634 35.
1354 1600 1401 1643 73
1437 1599 1503 1634 36.
1528 1599 1566 1634 8.
1600 1595 1804 1649 kyflmccm

251 1664 446 1718 (crimen)
466 1667 581 1706 Mab.
608 1671 643 1715 1,
667 1670 763 1707 267.
788 1667 973 1722 kyflawn
990 1666 1225 1720 (impletus)
1244 1666 1361 1705 Mab.
1387 1670 1423 1714 1,
1449 1670 1514 1705 17.
1540 1665 1807 1720 kefizesafyet

253 1736 466 1788 (proximi,
491 1737 660 1791 cognati
675 1754 685 1785 3
712 1738 820 1791 sing.
846 1737 944 1778 hod.
971 1737 1184 1792 eyfizesaf,
1210 1735 1446 1790 proximus)
1470 1736 1572 1789 Leg.
1601 1739 1639 1775 2.
1670 1740 1705 1775 1.
1734 1726 1800 1775 74.

252 1805 407 1858 hesma
431 1808 619 1860 (portio)
650 1810 752 1863 Leg.
781 1813 819 1848 2.
850 1813 914 1847 11.
943 1812 1009 1847 35.
1041 1806 1237 1862 laefreytlt
1266 1807 1370 1859 (lex)
1402 1808 1504 1860 Leg.
1530 1807 1588 1860 sq.
1634 1806 1688 1861 ky
1715 1820 1804 1861 ryw

252 1875 343 1927 (qui
365 1884 428 1916 est
449 1877 637 1930 ejusdem
657 1879 841 1931 generis)
864 1880 980 1919 Mab.
1006 1882 1041 1926 1,
1066 1881 1160 1917 237.
1206 1878 1326 1917 Haec
1347 1878 1492 1917 eadem
1512 1877 1644 1917 forma
1664 1891 1804 1917 neces-

252 1946 360 1985 saria
387 1953 450 1986 est
480 1955 577 1987 ante
608 1963 662 1997 m,
689 1956 738 1988 ut
766 1955 862 1989 ante
893 1949 930 1997 b,
946 1963 995 2000 p.
1040 1949 1150 1988 Cum
1179 1947 1404 1986 inchoante
1435 1961 1475 1987 m
1502 1947 1657 2000 scripta
1677 1947 1804 1986 inter-

252 2015 355 2056 dum
375 2017 533 2070 duplex
554 2032 594 2058 m
611 2018 840 2067 invenitur,
862 2018 1027 2071 saepius
1046 2018 1224 2071 simplex
1242 2019 1301 2070 (p.
1328 2019 1446 2069 132):
1474 2017 1703 2058 kammeiat
1724 2022 1803 2067 (to—

253 2085 397 2136 tidem,
423 2089 567 2128 eadem
595 2089 861 2142 magnitudo)
886 2090 988 2142 Leg.
1016 2092 1054 2128 2.
1083 2092 1121 2127 6.
1150 2092 1188 2136 9,
1215 2087 1258 2126 in
1288 2087 1381 2128 aliis
1411 2087 1512 2127 loc-is
1545 2087 1731 2136 eemez'nt,
1757 2087 1801 2127 111

252 2157 369 2196 Mab.
394 2158 582 2213 kymez‘nt
600 2159 656 2212 sq.
697 2159 934 2199 Labialium
958 2159 994 2207 b,
1012 2173 1046 2211 p
1066 2157 1292 2198 infectione
1314 2158 1447 2198 nasali
1469 2165 1564 2212 post
1584 2158 1803 2198 finientem

252 2242 293 2268 m
324 2228 554 2281 particulae
585 2229 926 2270 evanescentium
949 2229 1142 2282 exempla
1162 2228 1367 2269 cambrica
1390 2229 1480 2283 jam
1510 2228 1673 2282 prolata
1703 2235 1804 2268 sunt

253 2300 313 2352 (p.
341 2301 436 2338 226.
465 2302 580 2353 227).

367 2370 622 2424 Congruunt
642 2370 807 2410 cornica
827 2377 868 2410 et
890 2369 1090 2410 armorica
1111 2369 1316 2423 exempla.
1352 2369 1537 2409 Nomina
1559 2376 1723 2410 vetusta
1745 2369 1803 2408 vi-

253 2454 394 2479 rorum
424 2441 626 2481 armorica
657 2441 887 2490 Comaltma,
927 2441 1178 2489 Comccltear,
1217 2440 1377 2488 C'omal,
1415 2440 1570 2490 C'owal,
1611 2439 1804 2480 Cowellie

253 2512 313 2563 (p.
344 2514 463 2563 136);
497 2526 618 2565 porro
651 2526 770 2552 voces
802 2519 990 2551 vetustae
1021 2516 1192 2563 compot,
1219 2510 1388 2562 kemper
1408 2524 1482 2563 pro
1504 2510 1673 2558 combot,
1699 2523 1800 2549 cem-

254 2581 323 2620 ber
346 2585 405 2635 (p.
434 2585 549 2635 209).
592 2582 844 2622 Recentiora
865 2581 1051 2621 cornica:
1086 2580 1248 2634 chefals
1271 2580 1346 2633 (gl.
1372 2587 1508 2628 artus,
1533 2601 1590 2613 =
1611 2579 1799 2633 cys-alt),

253 2651 421 2692 chemar
444 2653 519 2706 (gl.
545 2653 725 2707 conjux3
750 2673 806 2686 =
827 2652 982 2691 cambr.
1008 2650 1196 2705 eymlzar,
1221 2665 1263 2704 p.
1291 2653 1389 2702 227)
1412 2651 1569 2691 Vocab.
1599 2650 1798 2704 kemmys,

254 2721 443 2777 kymmys
467 2725 540 2775 (=
561 2724 715 2763 cambr.
750 2722 945 2777 cymez'nt)
969 2723 1086 2761 Pass.
1115 2726 1154 2770 9,
1181 2725 1220 2760 4.
1252 2725 1316 2769 16,
1345 2725 1382 2760 3.
1411 2725 1477 2770 58,
1506 2726 1543 2760 3.
1579 2720 1798 2769 lvemeslcz'S,

255 2791 464 2847 kemysluis
496 2793 774 2846 (commixtio)
800 2796 866 2842 58,
885 2797 933 2831 -4,
960 2795 1055 2840 202,
1083 2795 1121 2831 2.
1150 2794 1246 2839 219,
1274 2795 1310 2830 1.
1345 2806 1410 2832 me
1438 2805 1464 2831 α
1490 2805 1641 2846 qemyn
1674 2793 1801 2845 (com-
