1963 3202
238 162 341 200 1010
404 174 647 201 APPENDix.
694 174 912 200 sPECIMEN
936 173 1101 200 CODICIS
1127 173 1359 201 HIBERNICI
1383 174 1604 201 PRISCIANI
1629 176 1693 201 SG.

332 353 385 391 D.
452 351 771 405 Specimen
822 350 1397 405 interpretationis
1448 352 1686 392 codicis

599 420 918 461 Prisciani
961 421 1420 475 Sangallensis.

241 556 631 611 interpretatio
670 555 905 608 capitum
946 557 1003 595 de
1044 556 1230 604 litera,
1273 557 1331 596 de
1371 555 1642 604 dictione,
1677 571 1782 609 par-

469 626 600 666 tium
631 625 898 666 orationis
928 627 1287 680 proprietate,
1322 625 1549 666 nomine.

354 782 446 822 Lib.
464 781 500 821 I.
523 796 613 835 cap.
630 781 691 820 11.
729 779 869 820 Litera
892 787 955 820 est
976 780 1267 835 minimasspars
1289 781 1400 821 vocis
1418 779 1686 834 compositae,
1707 781 1785 821 hoc

238 861 314 902 est,
341 867 446 906 quae
476 858 640 891 constat
670 865 721 891 ex
753 850 1055 904 compositione
1083 851 1313 891 literarum.
1360 851 1540 891 Minima
1562 857 1625 890 est
1645 857 1786 890 autem

239 930 446 976 quantum
486 922 537 961 ad
580 928 710 961 totam
741 920 1156 974 comprehensionem
1188 921 1298 961 vocis
1327 921 1531 969 literatae,
1549 919 1560 941 ¹
1595 921 1647 961 ad
1677 920 1787 960 hanc

237 993 349 1034 enim
377 992 504 1032 etiam
533 992 760 1045 productae
789 991 950 1031 vocales
983 990 1253 1031 brevissimae
1283 998 1420 1044 partes
1452 990 1751 1039 inveniuntur3
1770 987 1785 1011 ²

238 1064 303 1103 vel
333 1062 444 1116 quod
473 1061 664 1101 omnium
693 1067 756 1101 est
782 1060 1077 1100 brevissimum
1109 1075 1267 1110 eorum,
1294 1075 1400 1114 quae
1431 1060 1562 1100 dividi
1591 1067 1783 1114 possunt,

238 1135 280 1174 id
310 1133 421 1186 quod
450 1131 581 1171 dividi
609 1146 694 1171 non
726 1137 876 1184 potest.
931 1131 1162 1170 Possumus
1191 1137 1233 1170 et
1263 1130 1320 1170 sic
1349 1131 1546 1170 definire:
1578 1131 1700 1171 litera
1728 1138 1790 1170 est

240 1219 333 1253 vox,
360 1217 466 1256 quae
496 1200 619 1241 scribi
651 1207 788 1254 potest
808 1199 1042 1240 individua.
1087 1200 1255 1240 Dicitur
1276 1208 1418 1241 autem
1439 1201 1564 1241 litera
1585 1200 1650 1241 vel
1672 1199 1790 1253 quasi

239 1274 425 1327 legitera,
452 1272 563 1325 quod
594 1270 761 1324 legendi
792 1270 870 1310 iter
898 1272 1108 1324 praebeat,
1135 1270 1199 1310 vel
1221 1285 1244 1310 a
1265 1271 1418 1320 lituris,
1434 1268 1450 1292 3
1471 1279 1519 1311 ut
1540 1271 1790 1324 quibusdam

240 1345 391 1399 placet,
413 1342 523 1395 quod
542 1341 790 1395 plerumque
807 1340 972 1394 antiqui
989 1340 1033 1380 in
1051 1341 1198 1381 ceratis
1217 1342 1371 1382 tabulis
1388 1341 1565 1382 scribere
1583 1341 1786 1381 solebant.

244 1414 404 1454 Literas
435 1419 576 1452 autem
607 1410 734 1450 etiam
766 1411 1071 1451 elementorum
1102 1412 1304 1452 vocabulo
1335 1409 1717 1466 nuncupaverunt4
1739 1411 1790 1450 ad

241 1482 563 1524 similitudinem
592 1481 743 1521 mundi
772 1480 1123 1521 elementorum.⁵
1174 1481 1293 1522 Sicut
1323 1482 1436 1522 enim
1466 1482 1541 1522 illa
1571 1478 1791 1522 coeuntia⁶

242 1552 391 1595 omne⁷
423 1551 649 1607 perficiunt
679 1566 843 1606 corpus,
870 1551 927 1591 sic
959 1551 1085 1591 etiam
1116 1551 1194 1591 hae
1225 1551 1475 1606 conjunctae
1496 1552 1701 1592 literalem
1722 1565 1790 1591 vo-

242 1639 346 1673 cem,
373 1623 492 1676 quasi
523 1619 700 1676 corpus⁸
729 1622 912 1674 aliquod,
939 1628 1213 1674 componunt,
1242 1622 1309 1662 vel
1338 1622 1471 1675 magis
1501 1637 1594 1662 vere
1622 1636 1787 1677 corpus,

244 1696 355 1735 Nam
386 1693 420 1733 si
448 1695 516 1732 a'ei·
546 1707 696 1745 corpus
726 1700 802 1739 est,
828 1699 868 1730 et
898 1705 993 1739 vox,
1020 1705 1126 1744 quae
1149 1705 1200 1730 ex
1222 1694 1313 1731 ae're
1335 1691 1417 1732 icto
1439 1700 1617 1741 constat,
1644 1706 1792 1745 corpus

243 1778 330 1803 esse.
353 1762 613 1811 ostenditur3
647 1762 802 1816 quippe
824 1776 920 1801 cum
942 1769 983 1801 et
1005 1759 1165 1815 tangit⁰
1187 1776 1331 1801 aurem
1352 1769 1393 1802 et
1416 1762 1622 1815 tripartito
1644 1761 1793 1801 dividi-

245 1842 333 1881 tur,
369 1834 479 1886 quod
511 1841 571 1872 est
604 1846 729 1872 suum
760 1830 956 1885 corporiS,
992 1830 1071 1871 hoc
1101 1839 1178 1880 est,
1212 1831 1257 1871 in
1288 1831 1572 1880 altitudinem,
1604 1832 1793 1872 latitudi-

246 1996 336 2040 plur.
362 1998 389 2027 l.
411 2007 462 2039 ps.
484 2006 564 2027 cum
583 2006 683 2038 pron.
704 1992 852 2027 relativo
871 1992 980 2025 infixo
999 2004 1019 2026 a
1037 1993 1144 2026 verbo
1163 1994 1267 2027 obvio
1286 1994 1321 2027 in
1344 1996 1372 2026 1.
1389 2005 1441 2037 ps.
1463 1994 1555 2038 sing.
1576 1993 1611 2025 in
1631 1993 1714 2027 Wb.
1732 1992 1769 2028 3!›
1785 2005 1791 2025 :

246 2051 409 2084 alludam·
434 2050 535 2083 clodia
563 2050 624 2094 (gl.
645 2050 777 2094 gratias
805 2059 872 2091 ago
899 2048 983 2089 de03
1013 2049 1056 2081 cf.
1077 2061 1112 2094 p.
1134 2052 1198 2083 840
1218 2055 1253 2084 et
1271 2050 1312 2083 B.
1335 2050 1382 2094 S).
1410 2050 1536 2089 aleder,
1559 2061 1627 2083 vox
1651 2048 1795 2082 aliunde

249 2119 320 2141 non
347 2107 503 2151 cognita,
525 2107 570 2139 ad
589 2118 693 2151 quam
712 2104 958 2150 explicandam
976 2104 1098 2138 afferre
1116 2117 1260 2150 possum
1278 2105 1421 2138 nonnisi
1438 2105 1523 2138 hod.
1542 2105 1681 2138 hibern.
1702 2105 1793 2149 gael.

250 2163 426 2202 leodi-aim,
457 2161 628 2202 liodraim,
657 2162 784 2202 lacero,
814 2166 970 2201 contero,
1001 2172 1106 2205 ango.
1132 2165 1305 2202 aranetat,
1327 2165 1530 2206 supersunt,
1552 2161 1671 2194 futura
1699 2165 1794 2200 sunt,

249 2219 364 2259 nobis,
393 2218 489 2251 verb.
518 2229 632 2263 comp.
661 2220 753 2258 ανίά,
782 2219 884 2250 aratci
913 2217 960 2261 (p.
983 2218 1061 2261 477)
1084 2228 1163 2250 cum
1191 2228 1291 2261 pron.
1319 2229 1411 2262 pers.
1443 2219 1472 2250 1.
1491 2229 1583 2262 pers.
1604 2216 1651 2261 pl.
1672 2217 1794 2250 infixo.

251 2274 348 2308 hami
371 2273 512 2307 videtur
535 2273 606 2319 adj.
626 2274 700 2307 ami
715 2274 791 2319 jam
818 2285 924 2317 supra
941 2273 1085 2306 obvium
1103 2272 1327 2308 substantivo
1345 2273 1595 2319 postpositum,
1617 2278 1657 2307 ut
1673 2273 1798 2318 regula

251 2336 316 2372 est,
339 2331 403 2363 hoc
430 2330 508 2363 loco
530 2330 761 2375 praemissum
780 2330 825 2363 ob
843 2329 1038 2374 emphasin,
1060 2334 1100 2362 ut
1117 2329 1269 2363 videtur.
1286 2330 1449 2372 foclcrz'cz',
1469 2330 1794 2370 remunerationes;

251 2389 342 2432 sing.
363 2385 526 2430 foekricc
547 2386 594 2431 (p.
617 2387 711 2431 779).
740 2386 1143 2425 manos-eomalmeamar,
1171 2385 1200 2418 si
1227 2385 1415 2431 implemus
1441 2398 1493 2427 ea,
1522 2387 1795 2426 comalnnaniar,

251 2445 523 2478 comalnammar
542 2443 590 2487 (p.
610 2442 689 2486 446)
712 2453 791 2475 cum
820 2452 919 2487 pron.
940 2453 1031 2486 pers.
1058 2453 1074 2473 s
1099 2440 1221 2474 infixo.
1257 2441 1397 2475 Horum
1422 2442 1529 2475 trium
1557 2442 1713 2487 martyrii
1745 2442 1799 2475 vel

253 2499 500 2545 abnegationis
532 2509 703 2543 generum
734 2497 853 2531 deficit
880 2503 961 2542 post
985 2497 1193 2542 particulam
1221 2502 1254 2531 et
1278 2497 1443 2539 tertium,
1473 2502 1508 2531 et
1535 2498 1706 2531 sermonis
1733 2498 1799 2531 hoc

254 2556 439 2590 exordium
458 2555 513 2590 vel
531 2566 610 2600 pars
628 2554 747 2598 aliqua
763 2559 903 2587 tantum
923 2559 1049 2587 exstat.

348 2646 424 2690 (Sg.
445 2645 496 2689 3b)
558 2648 568 2678 l
605 2657 640 2678 .1.
671 2643 709 2677 Ιιί
731 2642 895 2677 ιὀἱηιῖείίο
920 2642 1061 2686 ‹inyotho
1087 2644 1240 2677 comtlzer
1266 2643 1497 2677 elaomraictki
1518 2656 1537 2676 ο
1562 2644 1658 2676 litrib
1714 2646 1732 2676 2
1761 2657 1797 2677 .1.

253 2702 403 2736 deithbz'r
421 2701 480 2734 lim
500 2713 545 2734 mc
564 2702 667 2734 [ἰὼ-(ιε
686 2700 858 2733 olcloeaeuae

344 2762 361 2789 3
390 2770 432 2790 aa
451 2756 646 2790 lenomnat'b
694 2759 712 2789 4
741 2768 777 2789 .1.
797 2759 1000 2798 conepertar
1017 2755 1094 2788 (Ioc'b
1112 2756 1278 2789 elementa
1326 2759 1344 2788 5
1371 2756 1477 2789 innan
1496 2756 1574 2788 dale
1622 2758 1640 2788 6
1666 2757 1748 2789 cac-h
1766 2756 1803 2789 ἀί

252 2813 326 2845 dail
373 2815 389 2844 ῖ
416 2812 547 2846 z'unm'le

341 2874 359 2900 ὅ
389 2880 423 2901 .1.
445 2880 526 2911 corp
543 2869 620 2902 suin
669 2870 687 2901 9
716 2880 752 2901 .1.
773 2867 854 2901 cani
869 2867 1019 2901 dez'tlebz'r
