1963 3202
430 111 510 150 VI.
538 113 575 148 2.
621 120 915 149 CONsrnuch
939 120 1120 147 ronricA
1143 120 1402 147 mmmmm.
1611 107 1690 144 9¹7

149 225 220 264 sed
247 222 403 262 accedit
435 221 565 261 forma
595 234 797 260 assonans
829 221 972 260 eodem
1003 220 1140 268 modo,
1167 226 1215 258 ut
1240 217 1501 257 monosticha
1523 217 1688 257 Colum-

148 292 246 333 bani
276 291 458 331 Hiberni
486 304 583 329 mox
615 289 874 343 proferenda,
909 289 1151 329 hexametro
1184 288 1317 328 latino
1347 286 1594 340 composita,
1628 301 1690 325 as-

148 361 338 403 sonantia
361 360 487 401 etiam
508 365 673 400 vetusta
694 358 908 398 hibernica
929 358 1077 399 induta
1099 365 1213 399 sunt.
1251 358 1375 398 Solvo
1392 357 1460 396 hic
1478 356 1689 409 stropham

149 439 327 486 quatuor
356 430 563 470 linearum
594 429 825 469 secundum
857 428 1122 468 hibernicum
1148 426 1431 469 collocationis
1453 427 1624 465 modum
1648 425 1689 464 in

148 517 288 543 versus
310 502 490 541 duorum
510 499 808 546 membrorum,
830 512 1007 550 quorum
1029 499 1203 551 quodvis
1225 505 1287 538 est
1307 505 1399 537 octo
1417 496 1687 550 syllabarum,

147 574 265 621 duos,
299 579 341 611 et
369 571 488 623 signo
519 567 805 609 assonantiam
836 567 1001 607 lineolis
1033 568 1078 608 in
1106 568 1242 616 initio,
1278 567 1409 607 literis
1441 565 1614 606 cursivis
1648 565 1691 604 in

147 644 245 691 fine,
272 656 307 681 e.
331 656 394 694 gr.
419 640 465 680 in
486 638 653 679 exordio
675 637 823 691 hymni
843 645 1097 691 martyrum:

347 725 517 759 Aeterna
540 720 685 758 Christi
712 715 715 771 Ι
742 732 902 755 munera
926 715 938 771 ΙΙ
962 724 1000 756 et
1027 716 1031 771 Ι
1058 724 1266 767 martyrum
1286 718 1474 761 victorias,

347 788 350 818 Ι
376 790 523 826 Laudes
544 789 704 824 ferentes
725 787 886 831 debitas,
916 784 928 839 ΙΙ
954 788 958 836 Ι
978 787 1089 823 laetis
1112 799 1290 822 canamus
1312 786 1515 821 mentibus.

348 855 351 876 ³
376 857 637 893 Eeclesiarum
657 855 856 903 principes,
886 850 898 906 ΙΙ
920 854 1012 890 belli
1034 854 1279 902 triumphales
1301 853 1424 895 duces,

345 924 534 962 Coelestis
562 920 566 975 Ι
593 924 702 959 aulae
730 920 734 974 Ι
761 923 908 965 milites,
938 918 950 973 ΙΙ
974 927 1012 958 et
1032 935 1121 958 vera
1148 918 1151 973 Ι
1179 921 1313 956 mundi
1334 919 1493 959 lumina,

350 994 509 1029 Terrore
530 992 630 1027 victo
657 990 663 1038 Ι
691 990 833 1026 saeculi
857 986 868 1041 ΙΙ
917 986 921 1041 Ι
950 988 1164 1037 spretisque
1186 988 1321 1037 poenis
1343 985 1510 1036 corporis

348 1059 484 1095 Mortis
511 1055 515 1109 Ι
545 1071 671 1093 sacrae
694 1057 919 1105 compendio
943 1052 955 1108 ΙΙ
978 1057 1095 1092 vitam
1115 1057 1267 1092 beatam
1288 1055 1503 1103 possident.

264 1134 447 1175 Nonnisi
482 1132 767 1186 monosyllaba
803 1131 1043 1172 assonantia
1078 1131 1232 1179 finalis,
1268 1145 1397 1183 eaque
1433 1128 1616 1168 lateralis
1653 1137 1693 1167 ct.

150 1207 334 1258 dispersa
363 1212 542 1251 tantuin,
569 1202 638 1241 vix
670 1201 964 1254 contraposita,
990 1201 1145 1254 legitur
1175 1201 1219 1240 in
1250 1201 1328 1240 hoc
1350 1200 1507 1253 hymno
1529 1200 1692 1250 (octavo

150 1274 342 1315 editionis
367 1274 524 1313 Bened.
547 1276 584 1321 2,
610 1287 652 1325 p.
679 1274 817 1324 1222),
845 1272 915 1311 sed
932 1271 1021 1325 jam
1041 1270 1246 1324 bisyllaba
1267 1270 1391 1310 etiam
1413 1269 1456 1308 in
1480 1268 1692 1321 sequentis

151 1345 250 1384 noni
271 1345 458 1385 exordio:

263 1412 265 1416 ’
293 1418 434 1451 Somno
456 1415 608 1451 refectis
630 1413 784 1449 artubus
808 1410 820 1464 ΙΙ
870 1420 997 1461 spreto
1020 1413 1135 1448 cubili
1162 1411 1167 1459 Ι
1196 1411 1397 1459 surgimus,

262 1483 397 1523 Nobis,
432 1479 435 1519 Ι
461 1487 582 1529 pater,
610 1481 831 1516 canentibus
855 1477 866 1531 ΙΙ
891 1482 1024 1516 adesse
1047 1484 1082 1515 tc
1105 1476 1383 1527 delposez‘mus.

264 1557 266 1559 ’
293 1551 347 1585 Te
368 1549 500 1595 lingua
520 1548 686 1596 primum
707 1549 894 1589 concinat,
925 1545 935 1599 ΙΙ
984 1547 988 1593 Ι
1016 1553 1053 1583 te
1075 1547 1214 1583 mentis
1243 1543 1246 1597 Ι
1274 1548 1384 1582 ardor
1411 1548 1416 1596 Ι
1443 1547 1597 1591 ambiat,

264 1619 318 1653 Ut
338 1620 492 1652 actuum
521 1617 524 1666 Ι
554 1615 796 1662 sequentium
820 1611 831 1667 ΙΙ
856 1622 910 1657 tu,
943 1614 948 1663 Ι
977 1619 1119 1658 sancte,
1149 1615 1201 1650 sis
1224 1614 1434 1651 exordium.

150 1743 191 1775 In
210 1740 372 1785 ampliori
391 1739 534 1773 distichi
552 1740 607 1772 vel
626 1739 776 1772 duorum
790 1739 1076 1772 hexametrorum
1091 1739 1226 1772 ambitu
1241 1740 1445 1773 assonantia
1458 1739 1605 1773 initiali<
1620 1740 1704 1784 qui->

151 1799 230 1831 deni
257 1798 315 1830 vix
340 1809 411 1830 non
437 1796 548 1836 adest,
577 1807 656 1828 eum
682 1796 710 1828 si
736 1808 807 1828 non
832 1796 963 1828 adsunt
991 1795 1061 1828 duo
1083 1795 1138 1828 vel
1156 1795 1223 1828 tria
1240 1795 1413 1829 vocabula
1430 1796 1634 1840 incipientia
1653 1795 1696 1829 ab

151 1854 273 1887 eadem
299 1865 463 1893 consona,
485 1853 607 1885 adesse
633 1858 750 1885 tamen
777 1852 913 1896 possint
939 1851 1086 1884 totidem
1105 1862 1125 1883 a
1143 1851 1326 1884 vocalibus
1344 1852 1569 1892 inchoantia3
1591 1864 1697 1897 quae-

149 1910 239 1943 ritur
266 1916 395 1949 tamen,
418 1920 536 1942 nonne
554 1907 688 1940 classici
708 1910 832 1952 poetae
850 1907 951 1940 latini
969 1907 1159 1948 interdum,
1181 1908 1282 1952 gnari
1299 1912 1496 1941 structurae
1514 1907 1610 1942 illius
1629 1909 1696 1941 cel-

150 1966 251 2007 ticae,
273 1966 435 1999 consulto
454 1977 529 1998 eam
548 1964 770 2008 frequentius
788 1963 982 2008 posuerint,
1005 1976 1034 1996 e.
1056 1976 1108 2007 gr.
1131 1964 1281 1998 Ovidius
1300 1964 1335 1997 in
1353 1965 1476 1998 Amor.
1501 1966 1529 2005 1,
1548 1967 1579 1997 5.
1602 1966 1631 1997 1.
1651 1967 1668 1998 2
1685 1979 1692 1998 ε

367 2023 500 2055 Aestus
518 2026 603 2060 erat,
629 2020 633 2063 Ι
655 2019 878 2063 mediamque
897 2020 971 2053 dies
990 2025 1158 2063 exegerat
1175 2021 1309 2061 horam,

423 2077 585 2122 Apposui
607 2081 611 2119 Ι
633 2076 750 2109 medio
773 2078 776 2119 Ι
798 2077 955 2110 membra
972 2077 1123 2111 levanda
1139 2082 1231 2111 toro.

242 2136 288 2169 Et
305 2135 437 2168 ibidem
456 2138 487 2166 ἐν).
512 2136 570 2167 10:

367 2190 459 2224 Ecce
480 2190 648 2235 {Corinna
667 2190 776 2230 venit,
798 2190 919 2223 tunica
936 2190 1051 2224 velata
1067 2201 1104 2223 re
1116 2190 1119 2234 Ι
1132 2190 1258 2231 cincta,

423 2244 427 2287 Ι
450 2247 609 2281 Candida
627 2246 773 2280 dividua
795 2248 798 2288 Ι
821 2246 911 2279 colla
929 2251 1072 2291 tegente
1095 2251 1098 2288 Ι
1121 2257 1232 2279 coma.

239 2304 302 2337 Vel
321 2304 486 2337 Lucanus
505 2303 540 2336 in
558 2303 704 2336 exordio
722 2302 944 2337 Pharsaliae:

368 2359 467 2392 Bella
486 2371 547 2404 per
564 2359 750 2392 Emathios
769 2360 847 2403 plus
867 2371 971 2403 quam
993 2362 998 2399 Ι
1021 2359 1138 2392 civilia
1159 2360 1163 2402 Ι
1187 2371 1328 2404 campos

364 2416 500 2460 Jusquc
519 2416 641 2449 datum
660 2416 783 2449 sceleri
805 2418 810 2458 Ι
833 2416 1003 2455 cunnum,
1029 2417 1033 2457 Ι
1056 2416 1300 2460 populumque
1322 2418 1326 2459 Ι
1350 2422 1529 2460 potentem

367 2473 409 2505 ln
427 2484 491 2505 sua
512 2474 516 2513 Ι
540 2471 674 2505 victrici
693 2472 926 2515 conlversum
949 2496 951 2505 .
975 2472 1108 2505 viscera
1127 2472 1263 2512 dextra,

367 2528 617 2572 Cognatasque
635 2528 739 2568 acics,
761 2534 795 2561 et
817 2532 820 2572 Ι
843 2534 947 2572 rupto
966 2528 1108 2561 foedere
1130 2540 1133 2564 Ι
1156 2529 1257 2572 regni

370 2586 372 2624 j
391 2585 571 2617 Certatum
591 2585 676 2618 totis
697 2586 701 2626 Ι
725 2596 788 2617 con
802 2586 804 2628 Ι
818 2585 910 2618 cussi
930 2584 1064 2617 viribus
1083 2584 1177 2617 orbis

367 2641 409 2673 In
433 2643 437 2683 Ι
460 2652 646 2673 commune
664 2640 773 2681 nefas,
796 2641 1004 2684 infestisque
1023 2640 1128 2673 obvia
1150 2642 1153 2683 Ι
1176 2640 1287 2683 signis

372 2731 374 2735 ,
398 2697 519 2741 Signa,
542 2708 642 2741 pares
661 2697 796 2741 aquilas
815 2702 850 2730 et
871 2697 874 2740 Ι
897 2697 967 2741 pila
985 2696 1157 2729 minantia
1179 2697 1183 2739 Ι
1207 2696 1299 2740 pilis.

151 2752 346 2786 Exordium
374 2759 409 2786 ct
435 2753 538 2786 finem
564 2753 728 2786 carminis
747 2755 871 2798 poetae
891 2759 961 2786 tam
980 2752 1151 2786 hibernici
1171 2764 1274 2796 quam
1295 2753 1459 2785 canna-ici
1481 2754 1608 2786 vetusti
1629 2766 1696 2787 ma-

151 2808 205 2852 gis
223 2820 392 2842 exornare
411 2814 541 2842 amant.
