1963 3202
212 80 292 119 728
351 79 405 119 V.
434 82 471 118 1.
516 89 757 118 nssvaTio
779 88 962 117 GALLICA
984 89 1038 116 ET
1060 86 1305 115 HIBERNICA
1326 87 1628 118 LIQUIDARUM.

212 190 360 244 ζαλοι,
390 187 614 243 Ταιζάλων
647 184 819 245 (ἄκρον,
853 189 1076 236 Britann.;
1111 187 1163 227 cf.
1197 186 1317 227 Azali
1338 186 1452 227 Plin.
1480 191 1518 235 3,
1546 188 1615 239 25)
1639 187 1751 227 Ptol.

211 261 403 302 Mantala
425 261 681 314 (Allobrog.)
703 261 807 300 Tab.
829 260 972 307 Peut„
994 257 1356 298 Petromantalum
1379 256 1562 309 (Galliae
1583 256 1750 310 oppid.;

211 331 263 372 cf.
289 330 682 372 Cata-mantal—edis
712 330 772 369 fil.
799 329 918 369 Caes.
934 328 968 380 ἵ)
993 329 1096 368 Tab.
1123 329 1247 368 Peut.
1274 326 1675 379 Montalomagensis
1696 325 1755 366 vi—

211 416 284 442 cus
313 402 488 454 Gregor.
523 402 625 440 Tur.
655 406 692 449 7,
719 405 788 440 47.
814 398 1037 439 Cucalonis
1067 397 1127 437 fil.
1162 398 1296 437 Inscr.
1333 396 1462 436 Orell.
1490 401 1615 436 4903.
1655 396 1750 436 EL:

212 472 403 519 Ocelum,
438 469 647 523 Grajoceli
673 471 792 510 Caes.
817 468 1029 509 Vindelici
1049 468 1202 507 Horat.
1229 468 1313 519 (od.
1340 472 1380 516 4,
1406 469 1465 520 4).
1509 465 1754 507 Vindelicus

212 541 347 582 amnis
370 541 481 581 Flor.
510 544 547 589 3,
576 544 615 580 2.
659 541 743 579 IL:
781 539 907 579 Sicila
933 537 1067 590 (vicus
1090 537 1271 589 Galliae)
1295 537 1510 590 Lamprid.
1534 537 1657 576 Alex.
1684 536 1754 575 Se-

210 626 294 652 ver.
321 626 356 651 c.
385 615 450 650 59.
494 609 652 649 Basilia
674 609 744 661 (cf.
776 608 944 649 Basilus
970 608 1089 647 Caes.
1117 611 1155 655 6,
1183 610 1253 659 29)
1276 607 1488 647 Ammian.
1517 611 1583 656 30,
1611 611 1649 646 3.
1683 607 1754 646 Jo-

211 682 313 735 pilia
342 681 536 721 Bolland.
564 680 680 733 Sept.
709 684 747 728 5,
775 683 871 718 597.
896 677 1115 731 Virgilius,
1140 676 1352 729 Vergilius
1375 676 1561 716 Martial.
1589 676 1752 724 Sidon„

212 752 422 805 Vergiliae
459 750 603 791 stellae
640 750 710 801 (cf.
744 765 786 803 p.
826 750 910 802 14).
966 747 1172 787 Carvilius
1210 746 1330 786 Caes.
1368 745 1582 786 Vindilius
1619 746 1752 785 Inscr.

213 822 347 862 Stein.
376 825 471 861 298.
507 821 603 861 OL:
631 814 820 873 ἄλβολον
839 817 1075 872 (pulegium
1095 817 1223 856 herba
1240 815 1393 869 Gallis)
1412 815 1600 856 Dioscor.
1625 820 1662 865 3,
1686 821 1753 855 30.

215 892 388 932 Anisola
417 891 585 944 (amnis,
610 896 818 937 monast.;
852 889 904 928 cf.
929 887 1105 940 Anisus)
1128 887 1238 926 Boll.
1265 886 1368 926 Mai.
1397 891 1435 935 3,
1463 891 1557 925 608.
1582 873 1693 926 Jun.
1714 891 1753 935 3,

214 968 309 1003 355.
354 963 453 1003 UL:
488 960 652 1001 Meduli
672 960 834 1000 Auson.
859 958 980 1012 epist.
1007 963 1046 997 4.
1075 963 1112 997 7.
1152 956 1478 1009 Camulogenus,
1504 955 1757 1009 Taximagu—

212 1035 277 1074 lus
310 1033 429 1073 Caes.
455 1031 658 1072 Camulus
690 1030 895 1083 (Mavors)
922 1029 1056 1068 Inscr.
1082 1027 1212 1068 Orell.
1241 1031 1364 1066 1977.
1394 1030 1515 1066 1978.
1551 1023 1756 1079 σκούβου-

212 1103 323 1156 λουμ
346 1102 588 1156 (strychnus
617 1101 745 1140 herba
775 1098 928 1150 Gallis)
952 1098 1140 1138 Dioscor.
1167 1101 1207 1145 4,
1235 1100 1301 1135 71.
1335 1092 1578 1150 Βρίγουλος
1602 1098 1758 1148 (vetus-

213 1175 296 1214 tius
317 1187 471 1223 nomen
493 1171 636 1212 Araris
658 1170 725 1209 vel
747 1169 1017 1222 Saugonnae)
1042 1168 1158 1207 Plut.
1184 1167 1248 1206 ed.
1274 1165 1423 1206 Reisk.
1451 1171 1516 1215 10,
1542 1171 1635 1206 729.
1661 1171 1756 1206 730.

214 1243 441 1285 Dammula
470 1242 604 1281 Inscr.
638 1241 796 1280 Mutat.
834 1242 963 1287 1305,
994 1243 1030 1277 1.
1062 1237 1202 1277 Itulus
1234 1236 1359 1277 Grut.
1388 1240 1493 1285 807,
1521 1241 1558 1276 7.
1585 1240 1689 1285 853,
1717 1241 1756 1276 9.

214 1313 471 1361 Domnulus,
497 1311 742 1351 Dumnulus
765 1308 911 1349 Sidon.
933 1307 1054 1361 epist.
1078 1312 1117 1356 4,
1141 1310 1207 1346 25.
1231 1311 1270 1355 9,
1295 1311 1360 1346 13.
1385 1306 1618 1347 Venuleius
1636 1307 1759 1346 Lam-

214 1384 322 1440 prid.
344 1383 466 1423 Alex.
483 1382 622 1422 Sever.
639 1397 675 1422 c.
694 1384 761 1421 68.
782 1378 988 1419 Benuleia
1005 1378 1143 1432 (sem.)
1161 1377 1358 1430 Inscript.
1374 1378 1532 1417 Murat.
1551 1381 1670 1425 1313,
1691 1381 1756 1417 10.

329 1457 367 1507 c)
413 1450 663 1493 Accedentis
714 1464 811 1491 cum
862 1449 1075 1489 vocalibus
1117 1447 1344 1502 productis.
1412 1432 1488 1488 AL
1534 1448 1761 1488 derivantis

215 1525 406 1579 exempla
434 1523 640 1577 quaedam
668 1521 807 1561 forsan
829 1520 1065 1573 quaerenda
1087 1526 1187 1558 sunt
1207 1518 1316 1558 inter
1337 1532 1463 1571 supra
1484 1517 1595 1557 dicta
1616 1518 1660 1557 in
1682 1517 1758 1565 -αἶ,

214 1597 370 1637 formae
400 1592 609 1649 adjectivi,
644 1605 750 1645 quae
780 1590 983 1631 cambrice
1014 1595 1077 1628 est
1103 1588 1217 1637 -aul,
1252 1589 1372 1628 -αωῖ,
1417 1587 1687 1641 Diphthongi
1716 1587 1761 1627 in

215 1666 455 1708 nominibus
477 1658 748 1717 Καμβαύλης
768 1675 836 1714 ap.
862 1661 1047 1700 Pausan.
1073 1663 1137 1706 10,
1164 1661 1229 1706 19,
1257 1658 1442 1711 Sugeulo
1464 1658 1509 1697 in
1531 1658 1664 1714 Inscr.
1690 1672 1757 1711 ap.

216 1738 345 1779 Orell.
364 1769 376 1786 ,
409 1735 443 1775 si
475 1740 575 1775 sunt
609 1731 815 1781 derivata,
847 1744 934 1771 non
975 1728 1204 1783 composita
1233 1728 1302 1780 (cf.
1336 1727 1500 1768 hibern.
1534 1735 1618 1768 vet.
1652 1727 1756 1776 e'ola,

216 1808 325 1856 έιιῖα,
351 1805 532 1859 sapiens,
556 1819 599 1857 p.
625 1805 712 1856 42).

329 1877 374 1928 d)
406 1875 612 1915 Derivans
633 1874 707 1913 LL
729 1872 774 1911 in
794 1870 1035 1911 nominibus
1057 1868 1218 1922 gallicis
1240 1868 1306 1908 vel
1322 1868 1583 1908 britannicis.
1618 1868 1755 1907 ALL:

221 1943 446 1997 Οὖέξαλλα
469 1946 666 1996 (aestuar.
692 1941 822 1994 Brit.)
850 1940 962 1980 Ptol.
987 1939 1086 1978 villa
1109 1938 1300 1987 Bonalla,
1327 1938 1436 1978 Boll.
1464 1937 1567 1977 Mai.
1596 1942 1633 1986 3,
1662 1942 1757 1977 608.

217 2024 396 2058 monast.
429 2014 672 2055 Pentalluni
700 2012 744 2051 in
774 2025 882 2065 pago
912 2011 1154 2062 Rotomag„
1188 2008 1352 2048 Mabill.
1389 2023 1494 2048 saec.
1522 2012 1560 2057 2,
1588 2012 1684 2057 478,
1717 2008 1762 2047 in

218 2087 468 2143 quibusdam
496 2084 707 2124 alternans
738 2096 834 2122 cum
861 2079 958 2119 -ell.·
988 2078 1033 2118 in
1054 2078 1144 2118 vico
1172 2079 1385 2127 Marsallo,
1412 2079 1609 2118 Mai-sello
1632 2079 1758 2118 Trad.

218 2158 473 2209 wizenburg.
498 2170 542 2194 n.
570 2157 664 2193 215.
693 2157 788 2201 230,
814 2149 1151 2197 Concurcallum,
1178 2149 1496 2188 Concorcellum
1522 2164 1588 2202 ap.
1614 2149 1756 2189 Valcs.

220 2230 271 2268 In
293 2226 418 2268 Italia
445 2224 655 2279 superiore
677 2222 814 2262 adhuc
836 2219 1072 2267 Guastalla,
1096 2219 1280 2267 Varallo,
1306 2218 1377 2258 vix
1398 2219 1504 2259 alius
1527 2233 1653 2271 quam
1673 2218 1760 2271 gal-

217 2299 320 2341 licae
349 2295 537 2349 originis.
584 2294 695 2334 Sunt
724 2298 766 2331 et
795 2290 996 2331 formulae
1023 2288 1252 2342 bisyllabae
1283 2304 1379 2329 cum
1410 2288 1608 2329 tenuibus
1629 2288 1695 2328 vel
1715 2287 1763 2327 li-

218 2368 355 2422 quidis
378 2374 452 2407 aut
471 2361 814 2419 praecedentibus
837 2367 910 2400 aut
931 2358 1225 2411 sequentibus:
1256 2359 1471 2399 Caracalla
1493 2354 1650 2411 (“Aur.
1675 2358 1762 2397 An-

219 2438 389 2480 toninus
426 2434 655 2475 Bassianus
692 2430 928 2478 Caracalla,
970 2428 1171 2482 Lugduni
1206 2428 1398 2482 genitus,
1438 2443 1535 2468 cum
1570 2443 1591 2467 e
1623 2427 1763 2468 Gallia

218 2516 375 2549 vestem
399 2505 625 2560 plurimam
646 2501 893 2549 devexisset,
923 2531 929 2539 .
959 2531 967 2538 .
998 2531 1005 2539 .
1030 2500 1081 2538 de
1102 2498 1272 2538 nomine
1295 2498 1470 2551 hujusce
1491 2497 1616 2538 vestis
1639 2498 1763 2538 Cara-

219 2579 325 2618 calla
354 2574 673 2630 cognominatus
703 2566 817 2624 est'f)
839 2570 983 2610 Aurel.
1009 2569 1122 2609 Vict.
1150 2569 1251 2622 epit.
1277 2583 1312 2608 c.
1340 2572 1406 2607 21.
1423 2559 1682 2608 .Avallocius
1705 2567 1763 2606 vi-

219 2663 291 2688 cus
321 2648 449 2699 Greg.
474 2646 576 2685 Tur.
603 2648 642 2691 4,
670 2648 736 2681 50.
762 2641 968 2681 Aballone
998 2644 1012 2691 (
1024 2639 1102 2679 loc.
1128 2638 1270 2689 Gall.)
1294 2638 1395 2678 Itin.
1422 2639 1525 2678 Ant.
1566 2639 1678 2678 ELL
1701 2636 1762 2688 (in

219 2716 432 2758 femininis
453 2713 697 2769 praesertim
713 2710 997 2758 deminutivis,
1018 2716 1067 2750 ut
1084 2709 1289 2759 videtur):
1317 2708 1494 2748 Mosella
1513 2708 1583 2760 (cf.
1607 2708 1760 2758 Mosa).

224 2781 416 2836 Οἷῖξελλα
440 2784 599 2838 (oppid.
632 2783 754 2831 Brit.)
774 2782 885 2822 Ptol.
913 2780 1115 2821 Maurolla
1139 2780 1271 2822 (nom.
1292 2792 1431 2831 propr.
1452 2778 1571 2831 fem.)
1596 2776 1759 2817 Mabill.
