1963 3202
224 125 304 164 756
373 125 428 165 V.
458 128 494 163 1.
539 135 787 163 DEiuvATIO
809 133 993 162 GALLICA
1015 134 1068 160 ET
1091 131 1337 160 HIBERNICA
1357 131 1614 160 MEDIARUM.

225 234 443 275 centiores.
477 234 675 274 Formula
695 233 887 273 derivans
910 231 991 271 EG
1011 245 1032 270 e
1053 230 1349 271 vetustioribus
1366 231 1557 270 addenda
1574 236 1637 270 est
1652 236 1766 270 ante-

225 304 375 353 dictae,
402 303 607 356 siquidem
638 302 778 342 omnia
803 301 905 341 haec
927 299 1110 340 derivata
1131 314 1217 339 non
1239 299 1467 352 composita
1489 300 1603 350 (cum
1622 313 1764 352 praep.

225 389 273 414 vo
293 394 350 407 =
370 373 531 412 hibern.
545 372 617 425 fo,
643 371 739 410 brit.
761 385 842 423 9ch
856 371 912 422 52).

339 441 590 494 Duplicatae
618 447 659 479 et
686 439 934 491 conjunctae
961 453 989 492 9
1017 438 1218 478 formulae
1253 438 1354 485 GG,
1386 437 1488 486 NG,
1513 438 1598 477 RG
1627 437 1672 477 in
1702 436 1767 477 his

228 511 403 552 vetustis
432 509 694 549 nominibus:
728 507 906 560 Esuggii
933 507 992 546 fil.
1027 507 1224 561 Inscript.
1257 506 1456 546 Ambian.
1482 506 1611 546 Orell.
1640 510 1763 546 2062.

227 581 432 633 Flaniggo
475 579 609 618 Inscr.
658 576 776 616 Brix.
817 577 946 616 Orell.
984 580 1105 616 3543.
1157 576 1331 628 Tulingi
1373 575 1492 615 Caes.
1511 606 1523 624 ,
1572 576 1607 614 T
1611 575 1769 628 ylangii

227 650 378 689 Avien.
423 646 650 700 Caspingio
681 646 786 697 (loc.
819 646 871 685 ad
901 645 1042 685 Rhen.
1082 645 1233 697 infer.)
1266 645 1370 684 Tab.
1404 645 1528 684 Peut.
1573 643 1770 697 Viturgia

229 721 360 770 (nom.
385 717 505 768 fem.)
526 715 695 769 VopiSC.
719 716 840 755 Proc.
861 729 896 755 c.
925 719 990 763 12,
1010 715 1059 764 si,
1081 721 1129 754 ut
1145 714 1324 762 videtur,
1344 727 1499 753 nomen
1516 720 1578 753 est
1593 713 1768 766 gallicae

228 786 399 841 originis
422 785 492 838 (cf.
517 785 778 827 Vitudurum
798 784 939 836 Itin.).

341 1002 692 1044 Hibernicam
720 1002 762 1043 G
777 1002 1035 1042 derivantem
1060 1000 1104 1039 in
1122 998 1409 1049 substantivis,
1430 997 1659 1053 adjectivis,
1680 1012 1767 1041 ver-

226 1074 289 1114 bis
312 1080 493 1114 statuere
515 1073 565 1112 ob
588 1072 876 1111 confusionem
898 1069 1133 1123 scriptionis
1156 1069 1205 1109 cla
1226 1083 1301 1122 pro
1319 1084 1347 1122 9
1365 1076 1406 1108 et
1418 1084 1446 1122 y
1463 1084 1536 1122 pro
1553 1070 1602 1110 cla
1620 1072 1679 1123 (p.
1699 1076 1718 1108 7
1728 1075 1765 1109 3.

231 1145 301 1196 86)
323 1157 371 1183 eo
401 1141 614 1182 difficilius
645 1147 721 1189 est,
748 1141 845 1193 quia
872 1140 1001 1180 rarior
1029 1139 1131 1178 haec
1159 1138 1373 1178 derivatio.
1418 1139 1556 1179 Verba
1584 1138 1769 1178 denomi-

228 1213 371 1254 nativa
401 1218 551 1251 neutra
581 1210 819 1262 frequenter
839 1209 960 1249 obvia
981 1208 1025 1247 in
1049 1207 1193 1261 -ayz'm,
1221 1207 1382 1261 -aryz'm,
1408 1207 1527 1261 —vyz'm
1550 1207 1687 1260 (seriei
1709 1208 1766 1259 I),

228 1282 418 1336 quamvis
448 1294 609 1333 semper
637 1279 720 1318 fere
750 1278 904 1331 scripta
929 1277 983 1317 sit
1009 1292 1051 1331 9,
1077 1283 1217 1330 aperte
1248 1291 1269 1316 e
1300 1276 1626 1317 derivationibus
1656 1277 1767 1326 -aclc,

229 1352 318 1392 -eclc
347 1350 511 1404 prodire
538 1349 748 1397 videntur,
784 1362 819 1387 e.
844 1361 906 1400 gr.
941 1345 1279 1399 cumachtaiqz'm,
1314 1346 1661 1400 cumaclztayimm
1691 1346 1767 1399 (gl.

227 1435 328 1469 nuo,
354 1420 411 1473 gl.
436 1418 572 1473 potior
586 1434 597 1466 3
622 1418 651 1457 i.
677 1432 713 1457 e.
738 1424 887 1471 potens
919 1431 1027 1464 sum,
1054 1415 1135 1468 adj.
1162 1415 1448 1467 czcmachtach)
1472 1415 1544 1468 Sg.
1572 1413 1656 1455 39¹³.
1684 1419 1766 1455 54³.

229 1489 417 1543 euiliyim
440 1489 514 1542 (gl.
534 1494 700 1541 prosto3
725 1500 824 1526 mox
845 1485 1017 1534 cuilech,
1037 1485 1095 1538 gl.
1115 1485 1413 1539 prostibulum)
1433 1485 1505 1538 Sg.
1529 1488 1611 1524 53³.
1638 1485 1770 1525 treba-

228 1558 381 1613 raz'yim
405 1558 480 1610 (gl.
502 1556 617 1610 sapio
630 1572 641 1604 ;
667 1556 695 1595 i.
716 1570 752 1595 e.
777 1556 961 1609 prudens
979 1556 1090 1607 sum)
1110 1555 1182 1608 Sg.
1207 1552 1317 1593 1461‘.
1352 1555 1641 1594 Veruntamen
1657 1553 1772 1594 verbi

229 1625 531 1668 denominativi
547 1625 769 1665 factitativi
786 1625 939 1665 formae
956 1624 1193 1664 hibernicae
1206 1630 1395 1663 vetustae
1408 1623 1522 1676 -2'9267’
1534 1622 1672 1675 (seriei
1688 1623 1771 1674 IV)

229 1697 452 1750 respondet
482 1695 688 1734 cambrica
712 1695 803 1748 jam
829 1700 994 1733 vetusta
1015 1707 1155 1733 -ααφηε
1184 1692 1434 1747 nomz'slz'qur
1455 1692 1678 1743 (humilem
1705 1706 1772 1732 me

230 1767 364 1814 faci03
391 1765 443 1805 cf.
469 1765 624 1804 cambr.
650 1771 733 1803 vet.
760 1763 982 1812 Zemkaam,
1007 1763 1065 1816 gl.
1091 1776 1234 1815 arguo,
1259 1762 1288 1802 i.
1314 1776 1350 1801 e.
1375 1769 1547 1802 acutum
1567 1761 1686 1810 facio,
1711 1761 1769 1814 gl.

232 1836 393 1886 Oxou.)
415 1835 515 1873 Wb.
545 1830 626 1872 17‘1.
661 1848 704 1873 co
726 1846 1049 1887 ccsmecnuyursa
1070 1831 1145 1884 (gl.
1170 1838 1219 1871 ut
1240 1830 1458 1880 eradicem,
1486 1846 1509 1871 a
1529 1846 1686 1880 mecan,
1711 1846 1773 1871 ra-

233 1904 306 1943 dix
318 1920 328 1951 3
350 1903 402 1942 cf.
423 1903 577 1942 cambr.
598 1909 680 1942 vet.
702 1901 994 1950 etncoz‘lkaam,
1014 1902 1072 1954 81.
1093 1900 1293 1953 auspicio,
1316 1900 1570 1949 clatolalzam,
1590 1901 1647 1953 gl.
1662 1901 1770 1953 lego,

233 1971 566 2025 meryz'dlzalzam,
597 1971 655 2023 gl.
681 1984 894 2018 evanesco,
920 1970 948 2009 i.
974 1984 1009 2009 e.
1034 1969 1139 2009 facio
1170 1969 1310 2008 avium
1339 1969 1577 2021 augurium,
1611 1969 1773 2009 concio·

230 2059 343 2092 nem,
367 2039 661 2091 defectionem)
680 2039 758 2079 Ml.
781 2042 835 2078 2³.
871 2040 990 2081 Quae
1012 2037 1216 2077 cambrica
1236 2038 1367 2077 forma
1389 2045 1477 2077 orta
1499 2038 1666 2090 quidem
1687 2052 1775 2078 esse

232 2120 371 2168 potest
391 2126 442 2151 ex
464 2122 606 2163 -ayam
624 2115 684 2161 (p.
709 2110 821 2158 162),
841 2121 928 2146 non
950 2114 1090 2146 tamen
1112 2121 1163 2146 ex
1184 2106 1440 2146 derivatione
1456 2106 1769 2160 adjectivorum,

235 2182 398 2222 hibern.
425 2178 534 2228 -aclz,
561 2177 715 2217 cambr.
749 2191 860 2224 -αῑισ,
886 2191 937 2217 ex
968 2191 1050 2229 qua
1079 2175 1236 2215 scilicet
1267 2174 1469 2215 cambrice
1491 2190 1578 2215 esse
1607 2176 1775 2216 deberet

236 2264 369 2291 -oeam
387 2249 502 2302 (hod.
524 2247 684 2301 myas).
719 2246 789 2285 An
811 2245 950 2285 forsan
971 2244 1201 2285 factitativa
1222 2252 1398 2297 utraque
1419 2259 1441 2284 e
1463 2245 1504 2293 J,
1525 2259 1631 2297 quae
1648 2245 1774 2285 etiam

234 2318 401 2373 gothice
419 2324 459 2357 et
475 2316 611 2356 indice
629 2323 691 2355 est
707 2313 965 2355 factitativa?
989 2313 1214 2357 Quaeritur
1231 2314 1506 2362 solummodo,
1527 2329 1632 2354 num
1644 2314 1775 2355 forma

235 2388 350 2429 verbi
372 2385 672 2427 denominativi
692 2383 833 2425 neutri
852 2383 1036 2424 diversae
1053 2382 1107 2423 sit
1123 2381 1309 2435 originis,
1330 2397 1384 2422 an
1399 2383 1531 2436 possit
1547 2398 1634 2424 esse
1651 2383 1776 2424 etiam

237 2457 438 2510 ejusdem.

350 2526 555 2565 Connexa
581 2522 780 2564 derivatio
809 2521 1064 2575 frequentior
1091 2521 1232 2561 ANG.
1277 2522 1330 2561 In
1359 2522 1514 2570 verbis,
1548 2521 1593 2561 in
1624 2521 1775 2574 quibus

240 2603 379 2635 tamen
416 2593 569 2633 vocalis
598 2593 643 2632 in
677 2592 778 2632 alias
808 2598 955 2631 nutat:
979 2591 1143 2644 feclcmq
1166 2591 1295 2643 (pati,
1331 2591 1526 2638 toleraro;
1564 2595 1599 2629 1.
1624 2605 1687 2643 ps.
1712 2590 1771 2642 pl.

227 2664 467 2717 follonqam
489 2662 588 2702 Wb.
617 2658 718 2713 14¹³),
745 2675 919 2714 cumany
943 2662 1093 2713 (posse,
1119 2660 1272 2712 valere)
1296 2660 1393 2699 Wb.
1420 2659 1491 2712 Sg.
1510 2675 1519 2707 3
1545 2659 1590 2698 in
1612 2660 1774 2698 decom-

237 2732 373 2785 posito
396 2737 580 2784 tecmang]
604 2732 661 2782 (3.
686 2744 748 2782 ps.
775 2744 836 2782 sg.
861 2729 946 2782 pL:
974 2728 1190 2782 teomaz'fzq,
1216 2727 1380 2775 accidit,
1407 2732 1645 2781 tecmoszyat,
1671 2728 1776 2766 acci-

237 2801 359 2849 dunt,
386 2800 459 2852 Sg.
487 2803 540 2840 2³.
565 2803 623 2851 9³)
646 2813 666 2838 e
689 2800 955 2851 doecemzany.
992 2798 1043 2837 In
1066 2797 1329 2837 nominibus:
1358 2802 1542 2849 tecmcmq
1565 2798 1775 2848 (eventus)
