1963 3202
230 58 333 98 1036
393 74 638 102 APPENDIX.
681 74 919 102 SPECIMINA
942 75 1134 102 comcUM
1159 75 1347 103 numius.
1374 75 1511 102 Paisc.
1539 76 1602 103 SG.
1630 77 1683 104 ET
1704 77 1771 104 CR.

222 174 455 213 secundum
477 174 715 228 analogiam
736 175 872 229 perior
893 189 996 215 esse.
1033 175 1255 216 Terentius
1281 175 1323 214 in
1350 175 1588 228 supradicta
1605 176 1770 216 fabula:

223 243 311 283 Hic
336 259 407 298 eqo
431 244 590 285 interea
612 244 747 284 virum
770 245 1000 298 opperibor.
1046 246 1157 285 Nam
1179 246 1354 299 reperis),
1381 245 1603 299 comperio,
1629 260 1775 300 coope-

221 313 297 363 rio,
325 313 434 354 siout
465 314 619 368 aperio,
645 314 781 355 activa
810 322 932 363 sunt3
953 313 984 337 ¹²
1015 315 1177 356 faciunt
1208 316 1318 355 enim
1351 331 1402 355 ex
1432 316 1673 370 se-passiva.
1720 317 1776 356 Et

222 391 399 436 possunt
428 384 561 438 magis
594 400 617 424 a
638 385 754 438 pario
776 385 907 425 videri
929 386 1172 440 composita,
1200 387 1311 439 quod
1333 387 1445 440 apud
1468 384 1776 425 vetustissimos

221 462 393 506 quartae
424 455 734 508 conjugationis
762 456 1086 497 declinationem
1116 457 1310 497 habebat.
1357 456 1545 496 Ennius:
1585 457 1672 495 Ova
1691 469 1773 508 pa—

220 524 306 564 rire
330 525 432 565 solet
450 527 748 578 ,qenuspennis
772 528 1101 568 condecoratam.
1147 528 1271 568 Facio
1294 543 1389 568 cum
1412 527 1466 567 sit
1487 533 1700 575 neutrum,
1726 533 1775 565 ut

220 609 345 648 supra
387 595 592 645 diximus,
634 597 668 637 si
706 612 801 637 eum
836 598 1144 651 praepositione
1181 606 1456 652 componatur
1470 630 1480 646 ,
1526 597 1773 650 plerumque

222 665 370 705 transit
400 665 445 706 in
477 666 675 716 activum,
702 676 749 708 ut·
780 668 955 708 conficio
977 668 1188 718 conficior,
1214 668 1382 722 perficio
1404 667 1609 721 perficior,
1636 666 1772 706 afficio

219 735 390 785 afficior,
425 736 564 777 reficio
595 737 768 787 reficior,
795 738 931 778 officio
961 738 1132 779 officior.
1178 738 1398 779 Juvenalis
1428 738 1471 777 in
1505 739 1547 778 I:
1585 738 1646 777 Et
1674 752 1771 790 quo-

221 805 324 846 tiens
352 812 402 856 te,
429 808 583 856 Roma,
612 813 678 848 luo
700 809 822 863 refici
832 815 1131 862 properantem
1154 811 1299 850 reddet
1318 808 1503 863 Aquino.
1551 807 1771 847 Lucretius

218 876 262 915 in
286 877 356 916 II:
400 878 663 931 Quapropter
691 879 821 919 simul
849 879 956 919 inter
985 895 1028 919 se
1059 879 1334 920 retrahantur
1356 885 1395 919 et
1415 884 1547 927 extra,
1574 878 1771 932 officiun-

220 953 301 996 tur,
328 948 392 988 uti
411 954 612 1002 coycmizcr
635 950 798 990 tardius
821 949 898 989 v're.
943 951 980 989 A
1002 950 1173 1004 proficio
1197 949 1356 989 Statius
1379 948 1657 1002 impersonale
1678 962 1770 1001 pro-

220 1017 318 1057 tulit
349 1018 394 1058 in
425 1019 519 1058 III:
564 1020 798 1074 Profiez'tur
826 1020 942 1060 bello.
993 1019 1156 1059 Defieio
1188 1026 1331 1059 autem
1361 1018 1451 1058 loco
1480 1018 1637 1071 passivi
1664 1019 1771 1058 defio

218 1086 374 1128 facit.¹³
415 1090 638 1130 Terentius
660 1090 704 1129 in
728 1090 960 1130 Eunucho:
1006 1090 1137 1130 Nihil
1154 1104 1246 1130 eccm
1269 1094 1342 1137 esi,
1368 1088 1481 1128 nillil
1498 1088 1614 1141 defit.
1660 1088 1770 1128 Cum

216 1159 427 1212 passivam
449 1160 534 1199 vim
557 1160 702 1208 habet,
727 1162 834 1201 defio
856 1161 970 1201 facit.
1009 1161 1120 1201 Sunt
1142 1168 1282 1200 tamen
1304 1159 1384 1199 alia
1407 1174 1458 1199 ex
1480 1173 1527 1199 eo
1548 1158 1639 1212 ipso
1662 1166 1703 1198 et
1719 1173 1771 1198 ex

217 1228 308 1268 aliis
332 1230 576 1283 composita,
593 1245 698 1284 quae
715 1245 802 1270 non
816 1231 953 1271 solum
966 1231 1331 1285 significationem,
1349 1229 1559 1270 sedetiam
1571 1229 1769 1282 conjuga-

217 1298 388 1349 tionem,
415 1307 462 1340 ut
483 1300 643 1340 dictum
667 1309 743 1349 est,
769 1308 1027 1354 permutant,
1049 1308 1097 1341 ut
1118 1301 1223 1341 facio
1245 1300 1360 1349 facis,
1381 1300 1591 1353 gratificor
1611 1299 1768 1352 gratifi-

215 1370 334 1411 caris.
374 1371 596 1411 Terentius
619 1371 663 1412 in
686 1372 1194 1413 Heautontimorumeno:
1226 1371 1308 1412 Occi
1327 1386 1397 1424 eqo
1416 1370 1651 1424 qratv'fieor,
1676 1369 1769 1422 ipsa

216 1455 260 1480 re
276 1442 526 1494 experibere.
559 1442 761 1483 Similiter
777 1442 983 1482 ludificor.
1014 1444 1133 1483 Idem
1151 1443 1195 1482 in
1210 1442 1439 1482 Eunucho:
1469 1440 1579 1485 Qum
1597 1440 1768 1492 insuper

214 1512 361 1561 scelus,
377 1519 602 1566 pos-{quam
626 1513 868 1567 Zadqfleatccs
890 1520 951 1554 est
970 1513 1186 1568 m‘rqz'nem.
1220 1509 1529 1552 Excarnifico¹4
1551 1525 1646 1550 vero
1667 1509 1766 1550 acti-

215 1597 315 1622 vum
346 1591 422 1632 est,
449 1590 496 1623 ut
527 1584 738 1637 amplifico
768 1592 809 1625 et
839 1585 1016 1625 velifico.
1062 1583 1286 1624 Terentius
1318 1583 1361 1622 in
1387 1580 1765 1621 Heautontimoru-

213 1667 360 1693 meno:
409 1654 492 1694 sz'
529 1668 592 1694 me
628 1654 914 1709 erearm‘fiees.
967 1656 994 1695 J
999 1654 1186 1694 uvenalis
1220 1654 1264 1693 in
1296 1660 1463 1706 quarto:
1518 1651 1765 1705 Velffieatas

214 1723 364 1772 Athos,
387 1730 427 1764 et
445 1725 647 1779 quicquid
668 1725 850 1766 Graecia
872 1726 1051 1765 mendax
1074 1725 1201 1764 audet
1222 1724 1264 1763 in
1282 1723 1472 1772 historia,
1494 1721 1656 1776 passive
1673 1735 1765 1775 pro-

215 1794 327 1834 tulit.
366 1795 593 1835 Sciendum
616 1804 772 1844 tamen,
793 1797 904 1849 quod
926 1804 967 1836 et
988 1796 1094 1835 facio
1116 1803 1157 1835 et
1176 1794 1316 1842 facior,
1338 1801 1385 1833 ut
1403 1793 1676 1840 ostendimus,
1699 1806 1765 1831 ve.-

215 1864 435 1904 tustissimi
457 1867 735 1919 proferebant.
782 1866 827 1906 Si
858 1881 953 1906 vero
985 1866 1091 1906 facio
1116 1866 1182 1905 vel
1203 1866 1258 1904 fio
1279 1863 1454 1917 integris
1477 1862 1760 1910 manentibus,

214 1934 329 1973 aliud
350 1936 523 1975 verbum
545 1936 763 1976 infinitum
786 1944 882 1976 ante
904 1951 951 1976 ea
973 1943 1263 1988 componatur,
1288 1949 1374 1974 non
1397 1934 1533 1973 solum
1556 1932 1764 1986 significa-

215 2004 348 2044 tiones
371 2012 412 2044 et
434 2006 749 2059 conjugationes
772 2006 957 2059 integras
977 2006 1034 2045 eis
1058 2018 1284 2053 servamuS,
1306 2005 1377 2044 sed
1399 2003 1524 2043 etiam
1547 2009 1758 2050 accentus,

213 2082 260 2115 ut
281 2075 476 2115 calefacio
499 2075 688 2115 calefacis
711 2076 914 2125 ealefacit,
941 2075 1140 2129 tepefacio
1163 2073 1359 2127 tepefacis
1382 2071 1591 2126 tepefacit.
1628 2072 1679 2111 In
1703 2085 1764 2111 se-

212 2147 350 2185 cunda
371 2146 484 2185 enini
505 2154 547 2186 et
576 2146 696 2186 tertia
726 2161 903 2199 persona
930 2145 1186 2199 penultimas
1209 2144 1414 2192 acuimus,
1441 2142 1631 2196 quamvis
1664 2148 1764 2181 sunt

213 2217 370 2256 breves.
401 2216 602 2256 Similiter
619 2216 764 2256 calefio
781 2216 920 2255 calefis
939 2216 1089 2264 calefit,
1108 2216 1259 2268 tepefio
1278 2215 1422 2268 tepefis
1442 2214 1599 2266 tepefit,
1616 2212 1763 2252 finales

212 2294 378 2327 servant
399 2294 594 2327 accentus
618 2286 661 2326 in
684 2287 868 2326 secunda
889 2293 931 2326 et
953 2286 1075 2326 tertia.
1095 2299 1286 2339 persona,
1308 2298 1411 2337 quos
1431 2283 1589 2323 habent
1605 2283 1649 2323 in
1666 2282 1763 2322 sim-

210 2357 404 2411 plicibus.
450 2359 488 2397 A
516 2364 631 2397 verto
662 2371 828 2410 quoque
862 2357 997 2397 activo
1018 2363 1179 2397 reverto
1202 2363 1243 2395 et
1263 2361 1459 2403 revertor,
1485 2360 1700 2408 praeverto
1722 2359 1763 2392 et

211 2584 271 2605 car
288 2571 431 2604 anainm
449 2571 631 2604 &manitius
651 2574 667 2602 ἵ
687 2573 726 2604 m'
741 2570 878 2604 az'recar
896 2569 1062 2603 {nbi-fath..
1082 2582 1109 2602 s,
1131 2569 1270 2602 hieoms.
1324 2570 1362 2601 12
1393 2567 1465 2611 (Pr.
1483 2566 1561 2611 Sg.)
1582 2578 1651 2599 am.
1672 2569 1761 2599 asm-

212 2628 338 2661 brz'atlz.
357 2630 480 2671 [mima
497 2627 614 2672 asterio

306 2686 341 2716 13
373 2685 444 2728 (Pr.
467 2684 528 2728 Sg.
555 2685 644 2729 140³)
667 2684 701 2717 in
728 2683 805 2716 cod.
823 2697 829 2716 :
858 2683 990 2716 ‹lifficio
1013 2688 1131 2716 autem
1150 2683 1227 2716 loco
1247 2681 1377 2727 passivi
1395 2680 1519 2715 deficio
1538 2679 1622 2713 facit
1643 2691 1678 2712 .1.
1699 2678 1756 2711 iss.

211 2741 311 2773 a-sber
337 2741 392 2773 hc'c
419 2741 538 2774 asberr
562 2740 655 2773 chia!
671 2741 760 2773 ebes.
781 2740 897 2773 mindi
919 2739 1092 2784 (z.5(l{ffl‹²v'0
1110 2739 1246 2783 quando
1262 2751 1326 2783 pro
1346 2737 1465 2771 uincor
1482 2736 1652 2780 (recipitur
1671 2739 1707 2768 ut
1725 2734 1759 2767 in

211 2800 291 2830 ante
309 2797 467 2830 ostendit.
525 2800 557 2829 ll
590 2797 660 2840 (Pr.
683 2797 755 2839 Cr.)
778 2796 989 2840 .1.-sennaab„
