1963 3202
176 93 258 132 950
447 94 525 133 VI.
554 97 591 133 2.
639 107 935 134 eoNSTRUC'rto
959 108 1141 136 POETICA
1166 108 1451 136 BRITANNICA.

181 207 292 258 quod
332 205 441 247 inter
470 206 698 247 vetustiora
729 206 864 260 primo
895 207 986 247 loeo
1012 208 1184 261 ponitur
1214 209 1398 261 (Myvyr.
1431 207 1560 247 Arch.
1598 213 1642 256 1,
1673 210 1728 261 1²),

181 275 362 329 exempli
385 282 470 315 tam
491 276 729 316 vetustioris
753 291 878 329 quam
901 277 1113 332 amplioris
1136 292 1259 318 causa
1281 277 1473 331 inprimis
1491 277 1559 317 hic
1575 292 1731 317 memo—

182 347 361 386 randum
392 352 469 394 est,
495 346 685 399 quamvis
711 346 796 387 sint
818 347 959 388 omnia
979 347 1082 388 haee
1102 355 1283 397 vetusta,
1310 363 1395 387 non
1419 354 1580 388 servata
1601 347 1645 387 in
1667 362 1732 387 eo-

184 415 345 455 dicibus
368 415 627 468 aequalibus,
649 415 693 455 in
715 417 988 457 recentiorem
1006 418 1344 472 orthographiam
1365 417 1649 471 transscripta,
1670 417 1733 456 in-

184 487 347 525 terdum
373 485 487 525 haud
508 485 633 525 dubie
656 501 679 525 a
700 487 1016 536 recentioribus,
1042 489 1271 528 vetustiora
1291 502 1376 527 non
1399 487 1734 540 intelligentibus

183 563 239 604 et,
264 564 311 594 ut
341 557 404 603 fit,
430 555 474 594 in
504 555 695 595 habitum
728 557 1000 597 recentiorem
1029 558 1437 607 transformantibus,
1464 558 1639 598 alterata
1669 558 1734 597 vel

184 626 449 679 interpolata.

299 696 489 736 Primum
521 696 645 736 offero
674 697 829 751 primos
851 697 1047 737 carminis
1070 712 1226 745 versus,
1252 713 1355 752 quos
1377 699 1429 737 ob
1451 697 1735 738 assonantianl

182 766 405 815 initialem,
441 780 546 819 quae
576 766 788 807 interdum
820 767 989 820 quidem
1023 774 1086 807 est
1114 768 1363 816 consociata,
1398 768 1564 821 saepius
1596 769 1735 808 tamen

182 852 255 890 per
297 838 379 877 duo
417 837 604 876 membra
641 837 946 891 contraposita,
982 844 1023 877 et
1062 838 1159 891 quia
1190 838 1298 877 binis
1335 839 1556 886 membris,
1592 838 1635 877 id
1674 844 1736 877 est

188 965 423 1005 Brittanniae,
445 965 482 998 id
509 970 573 1005 est,
596 965 720 998 Umbri
745 965 863 1005 maris,
886 970 921 998 et
937 966 1100 1008 regnavit
1117 966 1219 999 annis
1237 967 1424 1000 duodecim
1443 971 1478 1000 et
1496 965 1627 999 struxit
1644 964 1737 998 Din-

183 1021 313 1065 yzmroi
333 1021 647 1055 G'martlzberneich.
676 1021 774 1054 Tune
794 1021 966 1065 Dutifsirn
986 1021 1021 1054 in
1040 1021 1101 1055 illo
1121 1026 1278 1066 tempore
1296 1022 1436 1055 fortiter
1450 1023 1640 1056 dimicabat
1654 1033 1736 1055 con-

184 1083 239 1111 tra.
257 1084 399 1123 gentem
418 1078 632 1122 Anglorum.
668 1078 795 1110 Tune
819 1077 1042 1110 Talhaern
1070 1077 1312 1121 Cataguen
1346 1078 1387 1111 in
1412 1081 1626 1122 po'e'mate
1652 1078 1735 1111 ela-

184 1135 282 1167 ruit
315 1140 358 1168 et
389 1134 551 1168 Neirin
584 1133 828 1178 [Aneurin]
855 1138 900 1166 et
923 1133 1162 1166 'saliessin
1196 1138 1243 1167 et
1268 1134 1503 1167 Bluehbar
1536 1140 1577 1167 et·
1602 1134 1730 1174 Cian,

186 1191 262 1236 qui
287 1196 480 1224 vocatur
506 1190 716 1224 Guenith
744 1189 913 1229 Guaut,
942 1189 1076 1223 simul
1109 1202 1196 1223 uno
1221 1195 1426 1236 tempore
1450 1191 1496 1224 in
1521 1194 1704 1236 poemat
1720 1204 1738 1224 e

185 1247 342 1280 britan
355 1247 458 1279 nieo
484 1246 578 1279 clar
591 1258 670 1279 uer
683 1243 796 1279 unt.'’

278 1303 364 1336 Idae
390 1302 494 1347 primi
511 1302 800 1336 Nordhumbriae
824 1301 918 1346 regis
944 1301 1086 1335 initium
1113 1301 1149 1335 in
1168 1302 1343 1336 Chronico
1369 1304 1538 1337 saxonico
1556 1303 1601 1337 ad
1618 1315 1649 1336 a.
1672 1306 1736 1336 547

186 1364 345 1392 notatur.
373 1358 546 1403 Dutiyirn
569 1359 684 1403 (niger
710 1358 890 1403 (lominus)
910 1370 1040 1392 nomen
1067 1370 1143 1392 esse
1167 1359 1314 1404 vulgare
1332 1360 1491 1405 ejusdem
1509 1359 1615 1404 regis,
1637 1359 1738 1403 eujus

186 1416 368 1461 proprium
387 1420 461 1449 erat
483 1415 668 1455 (inoffi-adin,
690 1414 953 1460 conjiciendum
971 1420 1036 1448 est.
1072 1415 1115 1448 In
1132 1416 1266 1449 Nennii
1284 1416 1361 1450 loco
1380 1417 1483 1461 posui
1499 1416 1631 1449 stt-emit
1646 1415 1739 1448 Din-

184 1473 314 1516 ,emm-02·
333 1472 635 1506 (itacrthberuez‘elc
654 1484 716 1516 pro
736 1476 923 1516 corrupto:
953 1471 1054 1505 unxit
1069 1471 1301 1516 Dzbzyuayrdi
1321 1472 1636 1506 (iececrtleberneielz.
1672 1471 1739 1505 Est

188 1529 281 1562 enim
294 1528 500 1573 Dz'nsszmroi
514 1541 644 1562 nomen
663 1528 877 1561 eambrieum
897 1527 1003 1561 castri
1021 1528 1204 1561 Berniciae
1223 1529 1414 1574 superioris
1435 1528 1579 1573 (eambr.
1591 1529 1736 1572 φωνῶ,

188 1585 319 1630 superl.
338 1586 539 1629 {suco-tham,
561 1590 753 1626 extremus,
774 1596 809 1629 p.
831 1586 908 1617 656.
931 1584 1024 1629 657),
1046 1585 1143 1628 quod
1168 1584 1306 1628 anglice
1332 1585 1463 1618 dieitur
1486 1584 1736 1628 Behbcmbury,

190 1642 274 1675 hod.
290 1642 554 1685 Bamboroussh‚
572 1647 612 1674 ut
629 1646 729 1686 patet
746 1652 764 1674 e
781 1652 866 1674 mox
884 1640 976 1674 infra
993 1640 1224 1685 sequentibus
1242 1653 1297 1686 ap.
1313 1641 1349 1674 N
1351 1640 1495 1674 ennium
1510 1655 1517 1674 ι
1535 1639 1740 1674 “Eadfered

189 1698 288 1731 dedit
314 1698 419 1731 uxori
445 1709 529 1731 suae
545 1698 772 1742 thyuaroy,
795 1709 884 1742 quae
908 1701 1055 1731 vocatur
1073 1697 1206 1738 Bebba,
1234 1702 1269 1730 et
1295 1697 1337 1730 de
1354 1696 1498 1730 nomine
1517 1709 1601 1731 suae
1619 1696 1740 1730 uxoris

189 1754 345 1799 suscepit
370 1766 512 1795 nomen,
533 1754 570 1787 id
588 1759 652 1794 est,
673 1751 973 1787 Bebbanburch.”
1011 1754 1103 1787 Sunt
1120 1753 1224 1786 etiam
1243 1753 1386 1786 nomina
1404 1755 1589 1797 poetarum
1606 1753 1644 1786 in
1661 1753 1740 1786 loco

188 1811 250 1844 illo
277 1811 411 1845 Nennii
440 1814 636 1844 memoratu
665 1810 775 1854 digno
803 1810 883 1854 plus
909 1808 966 1843 vel
990 1809 1108 1842 minus
1135 1813 1320 1853 corrupta:
1349 1808 1489 1849 Nez'rz'n,
1511 1809 1557 1842 al.
1584 1809 1737 1849 Nuem'n,

189 1867 285 1900 baud
303 1867 411 1900 dubie
429 1878 492 1911 pro
510 1866 684 1900 Αηεεινίη.
721 1867 751 1899 E
771 1866 914 1899 nomine
931 1866 1115 1898 Bluelzbar
1132 1865 1356 1909 transpositis
1375 1865 1486 1898 literis
1509 1865 1628 1910 prodit
1646 1865 1740 1897 Lub-

191 1924 308 1963 barch,
330 1924 431 1968 cujus
456 1923 633 1956 recentior
659 1922 803 1967 scriptio
831 1927 885 1954 est
901 1921 1091 1965 Llyu-(creh
1111 1921 1360 1965 (Lynarehlzen
1376 1921 1451 1965 jam
1469 1921 1741 1965 transseriptum

189 1979 323 2023 legitur
346 1979 382 2011 in
407 1979 499 2012 libro
517 1979 631 2012 Land.
656 1981 718 2011 138
741 1978 776 2012 in
802 1977 1040 2022 descriptione
1068 1977 1143 2021 agri
1170 1988 1187 2009 e
1213 1981 1371 2020 tempore
1397 1976 1554 2021 episcopi
1581 1976 1742 2010 Oudoeei

191 2035 322 2068 saeculi
355 2035 446 2068 sexti
482 2035 666 2075 exeuntis,
696 2033 731 2067 in
758 2032 1015 2066 recentioribus
1042 2032 1172 2066 chartis
1197 2032 1262 2065 viri
1287 2043 1416 2066 nomen
1443 2032 1642 2065 Lemnareh
1662 2034 1738 2072 205,

189 2092 391 2124 Lomnmvlz
417 2093 500 2131 230,
529 2091 712 2136 quaeritur
739 2100 824 2122 num
851 2088 964 2129 idem,
995 2100 1039 2121 an
1067 2088 1273 2133 diversum).
1306 2088 1462 2122 Nomina
1488 2087 1682 2121 Talhae‘arn
1707 2093 1742 2121 et

195 2150 209 2180 (
218 2147 285 2180 'ian
303 2148 408 2180 etiam
427 2147 522 2192 apud
540 2147 676 2180 Bardos
694 2151 853 2180 vetustos
871 2150 1124 2178 memorantur.

281 2204 461 2248 Regiones
489 2204 632 2237 eaedem
657 2201 953 2247 septentrionales
981 2205 1223 2233 memorantur
1247 2201 1282 2234 in
1307 2201 1472 2234 carminis
1490 2199 1652 2244 inscripti
1674 2201 1742 2233 Go-

191 2260 291 2294 ‹Zodz'n
309 2261 477 2305 strophis,
499 2271 588 2304 quae
607 2259 807 2292 Caeaueum
826 2257 1017 2296 celebrant,
1040 2256 1178 2290 duabus
1196 2257 1453 2301 posterioribus
1470 2257 1540 2290 ita:

605 2327 656 2360 Yt
671 2325 781 2370 dyffei
804 2325 940 2368 lVyned
955 2336 975 2356 a
999 2324 1156 2367 Goyledd
1171 2323 1204 2356 ei
1218 2335 1307 2357 rame

606 2396 623 2415 o
639 2382 763 2427 ,ayt-sul
779 2381 857 2414 mab
879 2381 1059 2424 I'sijrtm.

188 2452 463 2497 “Congregabat
487 2450 684 2485 Venedotia
710 2453 745 2481 et
771 2448 974 2493 Septentrio
1007 2447 1042 2492 (i.
1071 2460 1101 2480 e.
1130 2447 1310 2492 Cumbria)
1342 2459 1441 2481 suam
1466 2452 1601 2492 partem
1626 2447 1743 2492 (suum

1278 2503 1465 2549 populum)

193 2565 341 2599 consilio
360 2565 423 2598 filii
443 2561 614 2599 Scirani.'‘

607 2629 749 2674 (fu-gsdez'
757 2641 844 2673 pym
856 2632 1011 2672 pymunt
1027 2640 1087 2661 rac
1102 2640 1126 2672 y
1146 2629 1314 2672 llasnawr

601 2700 619 2717 ο
638 2698 713 2729 wyr
730 2686 865 2728 Dezcyr
881 2696 902 2717 (ι
922 2684 1100 2727 Βνμηθίυῖι
1121 2685 1317 2727 dyehrwvr.

493 2753 734 2787 “Ceciderunt
751 2753 909 2797 quinque
927 2757 1064 2784 turmae
1083 2762 1198 2784 coram
1219 2752 1294 2795 ejus
1314 2751 1444 2785 lamina

495 2811 650 2845 virorum
671 2809 800 2843 Deirae
819 2813 853 2842 et
873 2806 1054 2841 Berniciae
1074 2805 1263 2840 ferorum.⁷'
