1963 3202
239 72 321 111 916
522 71 600 111 VI.
630 74 667 109 2.
713 84 1007 111 (011511111οΤ10
1030 84 1212 111 POETICA
1234 84 1494 111 HissERNrcA.

237 200 323 225 non
352 183 532 223 nimium
563 183 715 223 audere
740 182 843 222 mihi
865 182 1049 231 videbor,
1075 183 1110 223 si
1131 183 1406 232 affirmavero,
1425 181 1515 236 jam
1536 183 1671 237 prima
1692 185 1785 225 reli-

237 254 374 308 gionis
396 253 648 294 christianae
666 260 801 293 aetate
818 252 863 291 in
881 252 1020 292 Gallia
1038 266 1128 293 cam
1146 252 1340 305 gallicam
1359 252 1593 294 carminum
1609 254 1785 295 formam

237 326 281 366 111
317 324 502 365 carmina
538 322 767 363 christiana
802 322 1048 362 translatam
1083 337 1185 363 esse.
1230 324 1290 363 Ut
1325 323 1501 364 heroum
1535 325 1785 365 bellatorum

237 394 400 435 fortiter
430 403 522 434 acta
552 392 870 432 celebrabantur
899 407 923 431 a
946 393 1091 433 Bardis
1114 394 1390 433 Cambrorum
1416 394 1671 434 carminibus
1694 395 1784 448 ejus

237 465 408 513 formae,
435 479 539 517 quae
569 470 737 503 exstant
767 462 920 511 adhuc,
945 469 986 502 et
1015 477 1038 502 a
1060 463 1208 503 Bardis
1232 463 1467 512 Gallorum,
1495 465 1558 504 vel
1587 464 1783 504 caerimo—

237 534 331 574 niae
358 549 381 574 a
403 534 591 583 Druidis,
617 534 880 574 celebrantur
901 532 1114 586 religionis
1136 533 1388 573 christianae
1408 534 1605 587 mysteria
1626 534 1692 574 vel
1713 534 1783 574 he-

237 619 356 643 roum
385 603 731 659 christianorum,
765 617 867 656 quos
898 611 1100 656 martyres
1130 602 1349 652 dicebant,
1384 604 1585 645 fortitudo
1616 603 1784 658 hymnis

238 674 327 727 ejus
349 674 505 715 formae
527 673 778 714 assonantis.

352 746 458 785 Tam
480 744 733 798 hymnorum
754 743 884 783 forma
907 757 1107 783 assonans
1129 758 1254 796 quam
1275 743 1453 784 aliorum
1475 744 1709 787 carminum
1726 743 1783 783 la-

238 815 422 856 tinorum
449 814 547 854 inde
569 828 593 853 a
614 812 870 866 temporibus
893 813 1072 853 labantis
1094 813 1259 867 imperii
1280 813 1478 862 Romani,
1503 814 1588 854 sive
1610 814 1653 854 in
1678 821 1785 853 terra

238 885 481 926 continente
503 885 695 937 Europae
721 882 806 922 sive
828 882 871 922 in
894 883 1103 923 Hibernia
1124 890 1225 923 sunt
1245 884 1490 937 composita,
1514 884 1785 937 proponenda

238 964 299 996 est
322 955 465 1009 igitur,
490 961 716 1007 antequam
737 953 835 993 licet
855 953 1049 1007 progredi
1069 954 1121 993 ad
1143 953 1356 994 hibernica
1377 954 1575 995 carmina.

698 1117 732 1151 1.
777 1110 1108 1151 Assonantia
1138 1111 1328 1152 latina.

354 1228 397 1268 S.
424 1224 686 1273 Ambrosius,
713 1223 933 1277 episcopus
956 1222 1302 1273 Mediolanensis,
1327 1223 1372 1264 in
1405 1223 1546 1264 Gallia
1577 1230 1702 1264 natus
1726 1225 1780 1276 (a.

241 1302 336 1347 333,
363 1297 466 1337 obiit
496 1311 534 1335 a.
562 1296 677 1347 397),
703 1293 842 1333 cultus
873 1292 1006 1333 divini
1034 1293 1193 1347 publici
1224 1294 1410 1348 hymnis,
1435 1294 1679 1348 antiphonis
1704 1301 1781 1334 etc.

239 1366 475 1408 celebrandi
505 1365 665 1419 primus
697 1371 841 1404 auctor
861 1363 956 1412 fuit,
983 1363 1091 1403 sicut
1112 1363 1202 1417 ejus
1223 1363 1412 1403 notarius
1434 1364 1641 1404 Paulinus
1662 1364 1786 1404 refert

239 1440 291 1479 ad
324 1438 367 1478 S.
400 1435 691 1489 Augustinum
729 1434 942 1487 (Append.
977 1434 1029 1473 ad
1064 1448 1161 1487 opp.
1197 1434 1240 1474 S.
1279 1434 1472 1473 Ambros.
1506 1435 1571 1474 ed.
1604 1435 1783 1483 Bened,

239 1507 374 1549 Paris.
406 1511 527 1555 1690,
552 1520 594 1559 p.
621 1505 722 1557 IV):
754 1500 835 1544 “eo
855 1503 1066 1544 Ambrosii
1098 1511 1282 1557 tempore
1310 1503 1492 1557 primum
1513 1504 1782 1558 antiphonae,

238 1577 388 1633 hymni
425 1592 471 1616 ac
502 1574 669 1628 vigiliae
698 1574 742 1613 111
774 1574 947 1614 ecclesia
978 1574 1285 1614 Mediolanensi
1316 1574 1513 1614 celebrari
1544 1581 1784 1628 coeperunt,

241 1648 361 1702 cujus
392 1644 643 1687 celebritatis
668 1644 833 1684 devotio
854 1658 987 1697 usque
1008 1644 1052 1683 in
1074 1644 1325 1684 hodiernum
1346 1644 1457 1684 diem
1478 1659 1564 1684 non
1586 1645 1720 1684 solum
1742 1644 1786 1683 in

241 1720 385 1759 eadem
397 1715 584 1765 ecclesia,
601 1729 745 1755 verum
757 1729 829 1767 per
842 1729 986 1754 omnes
997 1729 1103 1768 pene
1115 1714 1341 1755 occidentis
1352 1714 1587 1769 provincias
1600 1708 1786 1754 manet.³'

354 1786 520 1841 Hymni
557 1786 601 1827 S.
641 1785 853 1831 Ambrosii
893 1792 1132 1825 tetrametro
1170 1784 1380 1825 iambico*
1415 1783 1634 1837 compositi
1669 1790 1784 1833 sunt,

334 1947 349 1962 ⁴*
374 1946 429 1979 De
456 1948 568 1977 metro
592 1947 730 1987 praeter
755 1946 968 1975 structuram
995 1946 1219 1975 assonantem
1237 1939 1398 1974 adhibito
1416 1940 1452 1972 in
1470 1939 1512 1972 iis
1530 1938 1670 1983 hymnis
1690 1938 1785 1971 Beda

245 2003 405 2047 disputat
428 2001 465 2034 in
488 1999 610 2033 libello
637 1999 680 2032 de
703 1997 940 2035 artemetrica
961 1997 1030 2042 (ed.
1052 1996 1159 2029 Basil.
1185 1998 1213 2037 1,
1235 1996 1311 2040 56):
1329 1994 1511 2028 “Metrum
1529 1994 1718 2027 iambicum
1735 1999 1786 2027 te-

244 2063 452 2093 trametrum
479 2056 603 2100 recipit
628 2055 785 2087 iambum
802 2054 888 2087 locis
907 2054 1083 2092 omnibus,
1104 2051 1301 2095 spondeum
1318 2056 1456 2084 tantum
1475 2050 1560 2083 locis
1579 2049 1782 2094 imparibus,

245 2128 314 2160 quo
334 2114 484 2159 scriptus
502 2117 556 2146 est
572 2111 725 2156 hymnus
745 2110 901 2144 Sedulii:
928 2110 959 2142 A
978 2109 1061 2142 solis
1080 2113 1160 2140 ortu
1176 2108 1317 2140 cardine
1333 2112 1399 2140 etc.
1427 2108 1497 2141 Sed
1515 2114 1549 2141 et
1559 2108 1786 2142 Ambrosiani

246 2183 286 2205 eo
311 2170 464 2204 maxime
489 2172 646 2207 currunt,
671 2192 677 2199 .
701 2192 708 2199 .
730 2166 766 2199 in
790 2166 918 2210 quibus
942 2163 1180 2210 pulcherrimo
1207 2168 1260 2196 est
1285 2164 1410 2197 decore
1428 2165 1644 2210 compositus
1673 2165 1695 2197 h
1706 2177 1726 2209 y
1736 2176 1787 2197 m-

246 2240 267 2260 n
282 2238 329 2260 us
363 2226 385 2259 b
398 2237 443 2259 ea
455 2230 468 2257 t
480 2236 528 2257 or
540 2236 606 2258 um
638 2234 729 2256 mar
741 2227 908 2266 tyrum,
930 2222 1030 2266 cujus
1057 2221 1133 2254 loca
1160 2220 1307 2264 imparia
1324 2221 1513 2265 spondeus,
1535 2221 1672 2254 iambus
1690 2225 1788 2254 tenet

244 2282 355 2328 paria.
390 2280 533 2325 Recipit
558 2280 623 2313 hoc
650 2283 801 2311 metrum
828 2277 1027 2322 aliquoties,
1056 2280 1097 2310 ut
1121 2276 1243 2310 scribit
1267 2277 1413 2311 Mallius
1438 2278 1656 2318 Theodorus,
1682 2277 1787 2310 etiam

246 2335 486 2383 tribrachyn.”
521 2334 738 2370 Assonantia
762 2333 923 2366 adhibita
941 2334 1048 2377 juxta
1066 2333 1216 2367 latinum
1233 2338 1384 2367 metrum
1403 2337 1474 2366 tam
1492 2333 1664 2378 incipiens
1683 2343 1786 2377 quam

246 2396 460 2441 syllabarum
495 2392 674 2432 finalium,
702 2389 881 2423 interdum
913 2390 1019 2423 etiam
1044 2389 1258 2430 mediarum,
1287 2401 1357 2423 11011
1383 2390 1498 2424 aliena
1522 2395 1575 2424 est
1607 2400 1626 2422 a
1652 2387 1788 2433 gallicis

248 2452 405 2497 ejusdem
424 2450 548 2484 aetatis
567 2448 693 2493 poetis,
715 2459 745 2480 e.
765 2458 818 2491 gr.
838 2445 1010 2485 Ausonio,
1032 2445 1068 2478 in
1087 2446 1199 2491 epigr.
1225 2448 1233 2478 Ι
1254 2459 1261 2479 :

464 2505 609 2540 Phoebe
630 2508 634 2549 Ι
655 2509 782 2549 potens
799 2501 965 2542 numeri&
990 2505 994 2544 Ι
1016 2513 1152 2546 praeses
1169 2501 1327 2535 Tritonia
1344 2502 1458 2544 bellis,

466 2563 519 2597 Tu
537 2572 678 2607 quoque
695 2559 739 2593 ab
757 2558 850 2592 aerio
873 2560 877 2601 Ι
899 2569 1042 2602 praepes
1060 2557 1217 2591 Victoria
1233 2558 1346 2602 lapsu,

469 2620 575 2654 Come
594 2621 789 2651 serenatam
810 2617 814 2656 Ι
837 2614 970 2658 duplici
993 2617 996 2658 Ι
1019 2614 1213 2648 diademate
1231 2615 1380 2648 frontem

469 2677 570 2710 Serta
587 2675 711 2718 ferens,
732 2683 821 2717 quae
843 2671 847 2715 Ι
870 2671 963 2704 dona
980 2675 1096 2714 togae,
1118 2683 1207 2716 quae
1228 2671 1234 2715 Ι
1255 2670 1409 2716 praemia
1430 2673 1435 2711 Ι
1456 2681 1609 2714 pugnae.

496 2729 662 2765 Bellamli
677 2727 845 2772 fandique
867 2729 871 2766 Ι
893 2732 1015 2771 potens
1033 2728 1230 2771 Augustus,
1251 2727 1421 2760 honorem

498 2788 557 2822 Bis
576 2792 698 2821 meret.
