1963 3202
297 83 378 122 656
622 83 699 124 IV.
728 87 766 123 2.
806 97 1178 125 PRAEPOSITIONES
1202 98 1513 127 anANNIcAE.

295 195 449 244 lacum,
473 197 706 237 secundum
726 197 865 237 lacum
886 211 1018 250 usque
1040 199 1142 250 etc.)
1168 202 1260 237 138.
1287 198 1436 239 (liment
1455 212 1506 238 (cr
1525 213 1552 253 3]
1574 197 1649 252 hyt
1669 198 1733 238 bet
1752 212 1842 238 mor

295 264 452 319 hafren
475 265 545 317 (ad
572 267 739 316 vallem,
766 268 997 307 secundum
1022 282 1113 308 eam
1139 282 1272 321 usque
1293 268 1339 308 in
1359 282 1472 308 mare
1495 268 1714 321 Sabi-inae)
1737 268 1838 308 ibid.

296 333 339 374 in
372 334 435 374 leit
463 333 632 377 dirtnou
658 337 822 391 yzmz‘mz
855 338 1113 389 (secundum
1144 339 1228 390 D.)
1255 343 1320 378 71.
1365 339 1579 391 Frequens
1618 338 1772 378 ibidem
1803 346 1845 378 et

296 405 474 446 formula
501 406 624 455 namt,
650 406 771 455 inhz't,
797 421 871 460 pro
903 406 947 447 in
979 406 996 447 i
1020 407 1096 456 hit,
1121 422 1177 462 yn
1199 423 1225 462 3]
1248 408 1335 462 hyt,
1361 423 1458 448 cum
1478 407 1724 461 pronomine
1750 422 1843 461 pos·

296 476 466 525 sessivo,
491 475 601 516 inlm't
628 482 769 515 tamen
800 476 927 516 etiam
949 477 1240 517 adverbialiter
1260 478 1410 531 posita,
1437 477 1840 531 significansporro,

296 545 407 586 idem
436 546 547 598 quod
577 545 757 595 intrans,
783 552 968 587 artrccecs.
1012 548 1080 586 Ar
1111 546 1186 601 layt
1215 548 1480 599 (secundum,
1505 550 1595 601 per)
1627 547 1672 588 in
1695 549 1839 587 Mab.:

296 631 404 656 (mon
425 616 638 669 reyedawc
660 630 711 655 ar
731 615 806 670 leyt
823 631 850 669 y
867 617 1000 671 ylyrm
1019 617 1172 670 (amnis
1193 617 1329 657 fluens
1351 617 1396 657 in
1417 618 1683 671 longitudine
1704 618 1840 667 vallis,

296 701 368 739 per
390 686 559 738 vallem)
588 692 623 734 1,
651 690 688 725 3.
724 686 880 741 edrych
910 701 961 726 tor
988 686 1064 742 hyt
1090 702 1116 741 3]
1145 687 1258 741 lloffl
1279 687 1614 741 (circumspicere
1635 703 1708 742 per
1729 688 1843 728 cubi-

297 757 460 809 culum)
487 760 523 805 1,
553 761 617 796 15.
653 756 798 797 kerdet
827 763 1035 812 aoruymzt
1065 771 1115 797 ar
1143 757 1219 813 leyt
1244 773 1270 812 3]
1303 758 1393 812 ιῖ3](ἶ
1409 757 1484 812 hyt
1503 758 1630 798 uchel·
1652 758 1844 812 (profecti

296 842 369 881 per
390 826 501 867 diem
522 841 654 880 usque
676 827 729 866 ad
749 829 984 880 vesperam)
1012 832 1048 876 1,
1076 832 1142 867 31.

401 896 685 937 'Substantiva
721 896 940 950 ejusmodi,
982 897 1165 951 spatium
1201 898 1265 938 vel
1301 905 1465 952 tempus
1502 899 1841 948 determinantia,

295 982 392 1007 cum
423 982 498 1007 sua
525 967 726 1020 peculiari
749 968 922 1021 quodvis
944 969 1266 1022 praepositione,
1293 984 1399 1022 quae
1421 968 1491 1008 vix
1514 983 1702 1023 unquam
1723 969 1844 1010 omit-

296 1038 399 1078 titur
421 1044 521 1078 sunt
537 1052 658 1091 porro
674 1038 794 1091 plura
814 1038 908 1087 alia,
931 1053 966 1078 e.
987 1054 1049 1093 gr.
1071 1040 1198 1094 erbyn
1217 1040 1457 1093 (oppositio,
1479 1042 1710 1093 occursus),
1729 1040 1849 1095 ymyl

296 1109 467 1161 (latus),
492 1109 625 1163 ystlys
655 1110 838 1161 (margO,
873 1108 1027 1161 latus),
1062 1110 1105 1149 ol
1132 1110 1416 1163 (vestigium),
1450 1109 1596 1164 achsaf,
1626 1109 1854 1164 {Jwartlngf

297 1181 551 1230 (summum,
591 1192 786 1232 suprema
820 1180 957 1231 pars),
999 1178 1052 1218 lle
1089 1179 1265 1233 (locus),
1304 1194 1417 1220 maes
1455 1181 1688 1234 (campus),
1725 1179 1845 1219 blezen

298 1252 437 1303 (apex,
459 1251 694 1300 cacumen),
711 1247 823 1301 3)ῖὶΐῆ
842 1247 1081 1301 (medium),
1104 1254 1220 1289 trans
1239 1249 1444 1302 (directio,
1465 1250 1618 1303 positio
1635 1249 1842 1301 ulterior),

297 1320 422 1375 kylch
440 1318 692 1369 (circuitus).
729 1318 988 1358 Pronomina
1004 1319 1039 1358 si
1056 1319 1225 1368 adsunt,
1245 1320 1479 1374 possessiva
1497 1327 1597 1360 sunt
1612 1320 1842 1374 infigenda.

409 1391 520 1430 Cum
554 1403 697 1442 praep.
730 1402 806 1428 ar:
845 1388 946 1429 licat
980 1389 1206 1443 cmyanleell
1237 1405 1288 1430 ar
1325 1396 1441 1431 draus
1471 1391 1510 1431 ir
1541 1390 1621 1431 coit
1649 1390 1759 1442 (fons
1788 1391 1840 1430 A.

299 1469 412 1500 trans
445 1459 610 1511 silvam)
634 1458 729 1498 Lib.
755 1459 891 1499 Laud.
922 1463 1014 1498 164.
1048 1460 1123 1514 ses
1142 1475 1270 1500 (toruo
1293 1476 1320 1515 3]
1343 1474 1437 1501 corr
1456 1475 1541 1516 yma
1561 1476 1588 1515 3]
1613 1460 1773 1500 tharam
1795 1475 1845 1500 ar

285 1530 487 1585 ffivall
512 1530 617 1570 aoecl
643 1529 812 1584 ynylaw
840 1530 1033 1570 ardraws
1059 1546 1086 1585 3]
1118 1529 1290 1585 Ιια·3])ι6ἷ)
1323 1546 1371 1571 ae
1401 1531 1546 1585 llyyee’t
1566 1533 1686 1583 (tunc
1709 1530 1846 1584 coepit

296 1615 526 1654 pygmaeus
557 1600 725 1640 caedere
757 1599 937 1653 flagello,
963 1601 1075 1653 quod
1097 1608 1184 1640 erat
1204 1601 1249 1641 in
1271 1601 1359 1654 ejus
1381 1616 1526 1650 manu,
1553 1616 1677 1654 super
1697 1600 1846 1640 faciem

297 1672 386 1725 ejus
418 1678 459 1711 et
489 1671 648 1723 oculos)
671 1670 789 1710 Mab.
818 1673 855 1719 2,
887 1674 950 1709 11.
982 1671 1131 1724 ydodz't
1158 1686 1185 1725 3]
1205 1671 1358 1725 qyllell
1374 1686 1459 1726 yny
1477 1670 1612 1725 ywez‘n
1633 1685 1684 1710 αν
1706 1672 1845 1711 draws

296 1758 322 1796 3]
359 1742 523 1796 ἷίξβεῖῑυν
551 1741 713 1794 (jactus
752 1740 948 1780 cultellus
986 1740 1031 1780 in
1062 1741 1213 1795 vagina
1243 1748 1358 1781 trans
1390 1742 1635 1793 torrentem)
1658 1741 1774 1780 Mab.
1803 1744 1841 1789 2,

300 1817 396 1852 209.
430 1827 456 1866 3]
486 1811 738 1851 Ῐεενᾶαεεαηί
767 1826 818 1851 αν
852 1816 976 1851 traws
1008 1825 1120 1851 maes
1153 1825 1285 1852 mawr
1309 1826 1537 1867 czrquroec
1558 1811 1707 1867 leytqstz
1729 1817 1799 1866 ryt
1817 1826 1844 1866 3]

294 1897 415 1936 yroes
443 1896 493 1922 ar
515 1881 670 1935 lccqfrelz
693 1883 1002 1934 (processerunt
1024 1895 1149 1934 super
1170 1881 1390 1935 planitiem
1411 1896 1612 1934 magnam
1632 1882 1685 1921 A.
1710 1895 1844 1934 usque

298 1953 351 1993 ad
372 1953 527 1992 vadum
548 1951 680 1990 crucis
704 1952 754 1990 ad
778 1951 1017 2003 Sabrinam)
1038 1953 1076 2000 2,
1101 1955 1194 1991 377.
1220 1967 1247 2006 3]
1269 1951 1415 1991 hordei
1434 1965 1485 1990 (cr
1507 1952 1646 1991 clrccws
1666 1965 1719 2005 3]ν
1738 1966 1844 2005 ynys

299 2037 346 2062 or
361 2036 450 2062 mor
467 2021 686 2074 (processit
703 2036 827 2075 super
843 2020 1027 2060 insulam
1043 2036 1067 2060 a
1083 2021 1207 2072 mari)
1223 2026 1260 2069 3,
1276 2024 1370 2061 265.
1390 2036 1447 2075 yn
1463 2036 1489 2075 y
1509 2021 1562 2060 lle
1579 2035 1630 2060 (cr
1647 2021 1689 2060 ol
1702 2020 1844 2075 hynny

300 2093 364 2146 (in
393 2093 484 2132 loco
515 2098 609 2145 post
640 2091 733 2140 hoc,
759 2090 903 2131 statim
922 2094 1085 2144 postea)
1113 2095 1150 2139 1,
1178 2094 1244 2130 23.
1281 2091 1483 2131 llenlliein
1505 2090 1736 2145 (cruchccfy
1758 2104 1845 2130 scre-

299 2163 420 2203 chan.
450 2194 458 2202 .
484 2194 491 2202 .
519 2176 543 2201 α
561 2161 782 2215 9066313133]ῑί
801 2175 851 2200 ar
873 2161 1069 2215 wartlcaf
1080 2176 1106 2215 3]
1130 2161 1332 2202 ἶῖθ)ἰἶίῑ’θι’)ι
1352 2161 1507 2210 (linum
1528 2175 1653 2214 supra
1676 2168 1843 2214 tegmen

299 2241 341 2274 et
360 2231 556 2286 pulvinar
577 2246 702 2285 supra
722 2231 877 2283 linum)
901 2236 940 2280 2,
969 2235 1063 2271 374.

413 2303 466 2342 In
503 2300 850 2354 descriptionibus
881 2301 1032 2341 finium
1062 2300 1157 2340 libri
1188 2302 1475 2342 Landavensis
1506 2317 1557 2342 αν
1588 2307 1703 2342 traaas
1733 2308 1774 2340 et
1802 2299 1846 2340 in

301 2379 417 2414 trans
447 2371 681 2426 promiscue
713 2378 938 2411 occurrunt
966 2371 1055 2411 loco
1084 2370 1207 2411 latini
1218 2386 1350 2423 porro
1372 2372 1415 2411 in
1438 2373 1579 2412 eadem
1602 2370 1841 2412 directione.

300 2445 382 2484 Pro
419 2456 469 2482 ar
504 2442 545 2481 ol
578 2441 733 2494 legitur
768 2440 895 2481 etiam
929 2456 985 2496 3])ι
1023 2441 1066 2480 ol
1093 2441 1136 2480 in
1168 2441 1475 2494 significatione
1505 2440 1840 2495 praepositionis,

297 2512 543 2567 praesertim
574 2526 670 2551 cum
700 2510 947 2564 pronomine
978 2510 1131 2550 infixo:
1171 2526 1227 2565 yn
1259 2512 1301 2551 οἶ
1324 2527 1351 2566 3]
1375 2512 1522 2564 iterus
1541 2527 1567 2566 3]
1592 2512 1683 2551 (law
1705 2510 1847 2550 kawat

298 2587 411 2637 (post
433 2582 666 2622 tumultum
689 2580 802 2621 venit
825 2584 1067 2634 tempestas)
1092 2581 1207 2620 Mab.
1241 2587 1274 2629 l,
1303 2585 1341 2620 S.
1372 2581 1539 2622 minnecc
1561 2581 1648 2635 aas
1659 2580 1732 2635 yth
1754 2580 1797 2620 ol
1816 2579 1848 2621 ti

299 2656 393 2707 (ego
416 2653 483 2692 ibo
506 2652 550 2691 in
573 2659 644 2691 tuo
666 2650 858 2704 vestigio,
883 2658 978 2703 post
1001 2653 1057 2703 te)
1082 2651 1198 2690 Mab.
1231 2656 1265 2699 1,
1293 2654 1388 2690 237.

413 2724 521 2763 Cum
549 2736 691 2776 praep.
718 2736 820 2761 cem.-
842 2719 972 2774 fforcl
997 2735 1083 2774 {scm
1111 2721 1244 2775 ystlgss
1273 2735 1325 2775 yr
1356 2736 1464 2761 accon
1498 2721 1582 2773 (via
1613 2721 1844 2761 secundum

299 2792 493 2845 fiuvium)
527 2793 641 2832 Mab.
672 2796 716 2839 1,
746 2796 783 2831 3.
823 2790 1177 2844 marchamqffmd
1213 2805 1299 2843 ycm
1333 2791 1466 2845 ystlys
1503 2806 1528 2845 y
1552 2780 1725 2844 'fforest
1759 2790 1845 2842 (via
