1963 3202
305 112 386 151 576
635 111 712 152 IV.
739 113 776 150 2.
822 124 1192 152 PRAEPofflTIoNEs
1214 123 1501 151 HIBERNICAE.

303 223 526 274 (unquam)
549 222 605 275 fq.
632 222 795 263 bezcoat
816 224 1069 275 (nunquam)
1097 227 1189 271 160,
1217 227 1284 262 90.
1306 222 1555 275 ,ᾳῑιίίίὂῑωιαη
1579 222 1741 275 (simul)
1765 227 1831 272 50,

304 294 370 330 23.
400 295 492 340 130,
520 295 558 330 6.
586 295 680 340 200,
709 296 773 330 14.

731 630 958 675 CAPUT
1005 630 1396 676 SECUNDUM.

790 764 865 808 De
890 764 1340 823 praepositionibus.

413 896 523 937 Sunt
551 894 892 949 p1·aepositioneS‚
916 895 1209 947 praecedentes
1241 893 1502 935 substantiva
1538 892 1673 947 posita
1701 892 1746 932 in
1772 908 1835 933 ea-

299 966 414 1005 sibus
450 965 650 1018 obliquis,
691 964 736 1004 in
781 964 937 1017 linguis
973 964 1129 1004 celticis
1169 970 1241 1003 aut
1283 978 1409 1017 prop
1418 964 1526 1003 riae
1568 970 1610 1002 et
1652 962 1836 1015 singula-

298 1050 377 1084 res,
403 1042 476 1075 aut
506 1034 840 1082 nominales,
866 1034 932 1074 vel
961 1033 1237 1083 substantiva,
1269 1033 1340 1073 vix
1370 1033 1587 1087 adjectiva,
1614 1047 1719 1085 quae
1751 1030 1836 1071 una

297 1120 396 1144 011111
432 1104 608 1157 propriis
644 1103 1020 1157 praepositionibus
1050 1103 1302 1142 adhibentur
1335 1110 1382 1143 ut
1412 1102 1658 1156 singulares.
1703 1102 1835 1141 Casus

297 1174 469 1227 obliqui,
491 1188 592 1227 quos
613 1180 766 1227 regunt
786 1173 988 1227 propriae,
1010 1179 1109 1212 sunt
1131 1179 1297 1212 tantum
1313 1171 1476 1211 dativus
1498 1178 1539 1210 et
1556 1170 1832 1219 accusativus,

296 1243 341 1283 in
371 1244 517 1297 lingua
545 1242 759 1282 hibernica
783 1249 948 1282 vetusta
970 1248 1080 1281 certo
1102 1241 1239 1280 adhue
1260 1255 1340 1279 usu
1361 1240 1540 1280 disereti.
1584 1240 1623 1279 A
1643 1241 1834 1280 substan-

297 1312 392 1353 tivis
413 1312 690 1352 nominalium
710 1311 797 1365 regi
817 1310 1065 1364 genitivum,
1090 1324 1175 1349 non
1197 1317 1273 1359 est,
1299 1311 1409 1363 quod
1429 1316 1662 1350 moneatur.

549 1646 591 1692 I.
665 1643 1164 1704 Praepositiones
1208 1643 1574 1690 hibernicae.

637 1779 689 1818 A.
735 1775 1183 1829 Praepositiones
1219 1774 1481 1829 propriae.

406 1903 517 1942 Sunt
537 1899 846 1952 monosyllabae
868 1898 934 1938 vel
953 1898 1194 1950 bisyllabae,
1221 1912 1398 1950 quarum
1420 1913 1505 1938 una
1526 1914 1621 1952 pars
1642 1899 1749 1952 regit
1770 1913 1831 1939 se-

292 1971 458 2026 quentis
489 1968 741 2010 substantivi
770 1975 843 2007 aut
872 1967 1062 2007 dativum
1094 1974 1167 2006 aut
1196 1968 1493 2017 accusativum,
1519 1983 1592 2021 pro
1624 1968 1831 2021 signifiea-

292 2042 403 2082 tione
425 2055 514 2088 sua,
536 2038 692 2078 seilicet
713 2036 863 2090 quietis
884 2037 928 2076 in
950 2037 1039 2076 1000
1061 2036 1127 2075 vel
1142 2036 1338 2076 motionis
1356 2037 1399 2076 in
1417 2037 1571 2086 locum,
1590 2052 1685 2091 pars
1703 2038 1832 2077 altera

292 2111 427 2150 solum
448 2108 650 2156 dativum,
678 2107 799 2147 tertia
824 2107 959 2146 solum
980 2105 1278 2145 accusativum.
1324 2106 1566 2146 Secundum
1588 2107 1701 2146 hune
1722 2106 1830 2146 ordi-

291 2194 388 2220 nem
415 2184 714 2219 enumerantur
734 2176 816 2224 1110,
842 2175 1002 2215 ratione
1022 2182 1234 2228 praeterea
1255 2175 1398 2215 habita
1418 2175 1625 2216 vocalium
1644 2175 1708 2215 vel
1733 2189 1828 2215 eon—

290 2262 500 2296 sonarum,
526 2262 549 2286 a
570 2247 721 2299 quibus
743 2245 994 2284 inchoantur
1014 2243 1079 2283 vel
1100 2243 1321 2283 finiuntur.
1420 2239 1421 2242 ¹
1655 2234 1661 2241 ⁶

409 2323 444 2356 1.
487 2314 926 2368 Praepositiones
958 2327 1073 2352 011111
1102 2312 1280 2353 dativo
1311 2321 1362 2353 et
1391 2313 1725 2354 accusativo:
1760 2327 1824 2362 ar,

290 2389 348 2437 ἔῃ,
362 2388 433 2441 fo,
447 2386 543 2439 sor,
569 2399 641 2423 0022
664 2386 760 2435 (eo),
788 2383 923 2422 imme.
968 2383 1080 2422 Usus
1110 2396 1282 2421 casuum
1310 2382 1420 2422 idem
1450 2390 1526 2432 est,
1559 2383 1632 2436 qui
1663 2382 1708 2422 in
1736 2381 1828 2422 aliis

289 2456 467 2510 linguis,
500 2453 629 2494 dativi
667 2453 719 2491 ad
748 2452 1055 2505 designandum
1085 2458 1242 2490 statum
1273 2451 1448 2504 quietis,
1481 2452 1705 2492 accusativi
1734 2458 1828 2504 post

288 2527 412 2565 verba
433 2532 595 2564 motum
616 2520 895 2574 designantia.

403 2595 497 2641 AR,
534 2605 629 2631 cum
655 2589 971 2643 pronominibus
1003 2588 1165 2628 suffixis
1194 2590 1301 2629 AIR
1329 2590 1541 2629 interdum
1570 2591 1671 2638 ER,
1703 2597 1751 2629 ut
1781 2590 1826 2629 in

290 2661 587 2715 compositione
608 2660 727 2707 AIR,
753 2659 845 2706 ER,
869 2659 932 2697 IR
955 2665 994 2709 (e
1016 2665 1180 2697 vetusta
1210 2659 1340 2698 fornia
1369 2660 1518 2712 gallica
1540 2674 1645 2707 are-‚
1667 2666 1708 2698 et
1728 2659 1825 2698 inde

289 2731 478 2770 inficiens
502 2736 718 2782 sequentes
740 2742 956 2775 consonas,
977 2742 1018 2780 p.
1037 2732 1074 2765 6.
1094 2730 1205 2777 196),
1226 2743 1299 2780 pro
1317 2736 1493 2780 utroque
1510 2742 1608 2767 casu
1625 2742 1648 2766 a
1665 2727 1823 2780 signifi-

288 2798 448 2838 catione
466 2798 586 2836 1001111
603 2796 797 2850 primaria
817 2797 907 2847 (lat.
928 2797 996 2844 (cd,
1019 2798 1146 2848 apud,
1167 2811 1296 2849 germ.
1319 2798 1394 2845 bei,
1417 2801 1489 2850 cm)
1508 2797 1762 2837 abstrahitur
1778 2797 1822 2835 in
