1963 3202
327 99 408 138 694
657 101 736 140 IV.
765 104 803 140 3.
847 113 1199 142 CONJUNCTIONES
1222 113 1535 141 BRITANNICAE.

331 216 399 259 47,
426 215 464 250 4.
500 225 592 265 moy
621 211 712 264 assis
734 212 859 265 yavel
877 213 1049 253 tredclen
1071 212 1222 266 (magis
1245 227 1370 265 quam
1390 211 1512 252 ruina
1531 212 1722 265 putrida3
1746 233 1803 245 -τ
1823 227 1874 252 ae

330 279 366 320 is
380 281 420 333 P)
445 284 539 329 237,
568 286 606 321 2.

443 351 727 404 Comparativi
755 350 954 404 loquendi
974 350 1087 390 modi
1109 350 1304 390 cambrici
1323 350 1549 403 vestigium
1570 351 1783 391 cornicum
1803 366 1872 392 ex-

330 427 413 460 stat
440 420 483 460 in
514 421 702 461 formulis
732 421 886 473 hepare
912 420 990 469 ha,
1024 419 1155 472 hepar
1184 420 1254 468 ha,
1289 420 1420 472 hepar
1447 420 1502 460 ha
1532 421 1613 470 del,
1645 422 1777 474 hepar
1806 422 1877 462 del

329 492 436 542 (par
456 490 557 530 alias
578 490 788 530 intensiva
807 490 1027 543 particula,
1052 505 1094 543 p.
1122 493 1243 542 575):
1279 490 1410 542 hepar
1431 490 1487 530 ha
1509 496 1546 531 te
1568 493 1716 545 (aeque
1737 507 1784 531 ac
1806 494 1871 543 tu)

329 560 447 599 Pass.
478 562 570 607 172,
600 564 637 599 3.
665 559 843 613 yweshz‘s
871 575 928 614 yn
957 574 1092 600 arvow
1121 559 1274 611 hepare
1303 559 1358 599 ha
1390 560 1460 600 del
1485 575 1555 600 ens
1579 560 1673 600 then
1691 575 1769 614 glas
1792 563 1872 613 (ar-

328 628 431 668 mati
460 643 590 681 aeque
622 643 668 668 ae
689 636 789 668 sunt
809 631 861 669 ad
882 629 1056 681 bellum)
1082 634 1148 678 64,
1177 633 1214 668 2.
1248 629 1379 681 hepar
1400 630 1456 669 ha
1477 630 1548 670 del
1564 644 1765 685 wocyrmy
1788 632 1871 683 (ae-

329 713 409 751 que
438 713 485 737 ac
515 698 620 746 vult,
645 704 694 738 ut
722 699 831 751 vult)
856 703 922 747 39,
951 703 989 738 3.
1021 698 1154 750 hepar
1176 699 1246 738 del
1263 713 1344 747 ves,
1370 699 1500 752 hepar
1521 700 1592 739 del
1609 715 1654 739 ve
1676 702 1742 752 (ut
1763 715 1867 750 eras,

328 775 376 807 ut,
397 769 501 819 erat)
524 771 616 817 192,
641 773 677 807 1.
701 771 796 817 247,
820 771 857 807 2.
891 768 988 808 Alia
1008 768 1188 808 formula
1209 769 1387 809 occurrit
1408 783 1533 823 maya
1554 795 1608 799 —
1630 770 1723 810 del:
1746 784 1872 823 massa

329 843 434 877 town
466 843 506 891 ty
538 838 609 877 del
633 838 792 893 wothye
821 840 923 890 (tam
954 839 1210 892 profundum
1234 838 1548 892 jusjurandum,
1581 854 1708 892 quam
1732 840 1870 892 seivit)

330 909 378 947 P.
407 912 474 956 85,
503 911 541 947 3.
574 904 698 961 maya
721 908 787 948 teh
809 908 880 947 del
896 908 1017 961 rebye
1039 910 1143 959 (tam
1164 909 1390 961 pulchrum
1412 924 1537 962 quam
1558 909 1709 962 fuerat)
1736 914 1801 958 71,
1827 914 1867 949 4.

328 976 503 1029 Legitur
521 991 614 1016 mar
636 977 705 1029 (ef.
726 978 880 1017 cambr.
901 979 1009 1029 mor)
1026 992 1100 1031 pro
1121 992 1245 1032 maya
1266 978 1310 1018 in
1328 979 1638 1018 constructione
1656 979 1866 1032 ecliptica:

327 1061 419 1086 mar
437 1047 516 1100 fol
534 1049 638 1099 (tam
669 1046 802 1095 stulti,
828 1061 1059 1094 sermones3
1093 1047 1122 1086 i.
1147 1061 1183 1086 e.
1209 1062 1335 1100 quam
1357 1055 1476 1087 erant
1497 1048 1526 1086 ii
1549 1048 1619 1101 qui
1640 1050 1870 1101 prodeban—

327 1117 412 1167 tur)
432 1118 550 1156 Pass.
578 1121 669 1164 100,
692 1120 730 1155 2.
767 1117 861 1155 Lat.
882 1121 929 1155 ut
948 1141 1002 1144 —
1019 1115 1080 1155 ita
1101 1116 1263 1155 cornice
1284 1116 1472 1156 redditur
1480 1118 1604 1170 faiel
1616 1143 1671 1148 —-
1689 1119 1758 1158 del
1767 1137 1779 1158 :
1790 1119 1870 1172 fa-

327 1186 383 1225 iel
408 1200 482 1239 eye
503 1200 570 1224 am
594 1186 784 1226 bewncms
809 1185 879 1225 del
895 1199 960 1238 yw
982 1185 1145 1240 serefys
1165 1201 1222 1239 yn
1246 1185 1413 1240 lyffi'ow
1436 1188 1502 1237 (ut
1524 1196 1632 1227 esset
1652 1187 1738 1227 vita
1757 1202 1865 1237 mea,

324 1255 383 1295 ita
414 1255 617 1308 scriptum
647 1262 710 1294 est
738 1255 784 1293 in
812 1254 946 1307 libris)
973 1259 1046 1304 73,
1074 1258 1112 1295 2.
1157 1256 1252 1296 Vox
1284 1256 1354 1295 del
1372 1257 1446 1306 (Ξ
1475 1257 1629 1296 cambr.
1664 1258 1781 1306 delw,
1806 1258 1869 1297 hi-

323 1327 440 1364 bern.
467 1325 557 1364 delb
570 1326 609 1376 ?)
632 1324 827 1377 primitus
859 1324 1170 1364 substantivum
1201 1325 1338 1364 elucet
1366 1339 1416 1364 ex
1447 1325 1538 1365 aliis
1567 1326 1778 1367 formulis:
1812 1342 1869 1381 yn

325 1395 476 1443 (Zelma,
501 1409 527 1448 y
556 1395 683 1442 della,
708 1409 764 1448 yn
787 1394 964 1434 hetelma
986 1394 1082 1446 (hoe
1103 1395 1244 1447 modo)
1271 1399 1336 1443 14,
1366 1399 1403 1434 1.
1433 1400 1526 1445 193,
1556 1400 1592 1435 1.
1620 1399 1715 1445 259,
1743 1400 1781 1435 2.
1812 1411 1870 1451 yn

323 1464 473 1505 heteZZa
496 1465 659 1516 (eodem
679 1465 826 1512 modo,
851 1485 907 1496 Ξ
926 1478 982 1517 yn
1005 1464 1101 1505 heth
1123 1464 1195 1504 del
1211 1466 1297 1517 ma)
1325 1469 1417 1513 170,
1445 1469 1483 1505 2.

435 1534 653 1574 Armorica
674 1534 875 1573 dialectus
898 1534 1249 1587 comparationem
1270 1534 1371 1574 item
1392 1535 1472 1575 alio
1493 1536 1616 1575 modo
1634 1535 1869 1588 significare

322 1604 539 1644 consuevit
562 1604 631 1655 (cf.
657 1618 799 1657 praep.
824 1603 969 1657 equit).

431 1689 474 1728 {J-
511 1674 724 1714 HAGEN
747 1675 966 1725 (attamen,
994 1675 1151 1726 tamen)
1174 1674 1400 1715 cambrice:
1433 1681 1508 1729 nyt
1536 1675 1613 1715 oed
1630 1689 1682 1729 yr
1702 1689 1754 1716 vn
1766 1690 1868 1728 por-

324 1744 471 1784 thau-r.
513 1744 731 1798 Glewlwyt
756 1744 1001 1796 yaaaelawr
1031 1745 1108 1783 oed
1133 1759 1214 1797 yno
1245 1744 1379 1797 hayen
1411 1759 1461 1784 ar
1490 1745 1631 1785 ureae'nt
1648 1744 1869 1797 porthawr

322 1816 427 1865 (non
458 1820 545 1852 erat
577 1812 748 1852 omnino
778 1812 1000 1865 portarius,
1026 1813 1071 1853 in
1102 1814 1197 1853 aula
1217 1814 1299 1862 A.;
1331 1820 1516 1854 attamen
1539 1814 1594 1854 G.
1619 1821 1707 1855 erat
1735 1814 1794 1854 ibi
1824 1815 1869 1854 in

321 1897 494 1922 munere
515 1881 704 1935 portarii)
728 1883 843 1921 Mab.
874 1887 910 1931 1,
938 1887 973 1922 1.
990 1897 1092 1937 pwy
1116 1883 1277 1937 hynnae
1297 1898 1324 1922 a
1344 1898 1478 1937 vymzo
1499 1883 1634 1924 emzill
1650 1884 1730 1925 οἶοί
1753 1916 1761 1924 .
1791 1916 1799 1923 .
1825 1885 1877 1938 ef

322 1951 490 2005 aeheff
506 1966 602 2005 ymo.
632 1982 640 1990 .
666 1950 846 2005 acymzez‘
870 1951 1004 2005 leayen
1035 1951 1359 2006 arbemzz'erwyd
1385 1953 1480 1992 clod
1503 1968 1551 1992 ae
1572 1959 1717 2007 etmyc.
1739 1968 1866 2006 920}sz

319 2037 346 2076 y
379 2022 432 2061 lle
461 2036 487 2075 y
520 2019 656 2073 haffez'
676 2020 935 2073 (quicunque
965 2020 1144 2060 voluerit
1171 2020 1345 2074 adipisci
1364 2022 1554 2074 gloriam,
1584 2054 1591 2062 .
1621 2054 1630 2062 .
1659 2054 1667 2061 .
1693 2022 1868 2076 accipiet

322 2106 413 2131 eam
443 2090 515 2139 ibi,
546 2121 553 2129 .
583 2121 591 2128 .
618 2089 690 2142 qui
710 2090 836 2130 vellet
858 2097 999 2130 tamen
1019 2090 1248 2144 primatum
1268 2091 1424 2144 gloriae
1445 2098 1487 2131 et
1507 2092 1692 2140 honoris,
1718 2092 1867 2132 scirem

322 2163 477 2209 locum,
504 2159 576 2199 ubi
599 2159 820 2213 acciperet)
847 2164 884 2208 1,
912 2163 1007 2199 284.

436 2228 663 2269 Cornicum
685 2229 812 2281 hujus
833 2228 945 2269 vocis
966 2243 1053 2268 non
1075 2228 1217 2268 inveni
1238 2229 1478 2283 vestigium.

434 2298 647 2338 Armorice
670 2298 906 2338 HOGEN:
940 2311 1079 2337 mazeo
1109 2304 1253 2339 traam
1282 2313 1351 2339 ma
1374 2305 1558 2340 aaam‘ar
1578 2300 1709 2353 hoqen
1730 2314 1782 2341 vn
1805 2306 1866 2341 tro

321 2384 384 2410 me
411 2369 500 2423 yelo
528 2382 602 2407 sar
635 2368 760 2407 beclem
779 2368 945 2419 prellat
966 2369 1135 2419 (misera
1161 2375 1223 2408 est
1244 2383 1330 2408 sors
1352 2384 1457 2418 mea,
1484 2369 1552 2409 ibo
1574 2376 1715 2409 tamen
1736 2370 1864 2410 semel

321 2441 372 2479 ad
395 2438 645 2492 praelatum)
670 2437 781 2475 Buh.
811 2440 904 2485 192,
935 2442 998 2476 11.
1019 2451 1104 2489 pep
1128 2443 1189 2476 tro
1213 2444 1248 2478 te
1269 2452 1361 2478 vezo
1374 2453 1507 2491 poan.
1537 2470 1545 2478 .
1575 2470 1583 2478 .
1608 2438 1769 2492 hoyaen
1791 2440 1866 2479 doe

320 2525 417 2549 roma
450 2508 505 2548 le'r
534 2522 558 2546 a
587 2506 692 2546 miro
716 2507 896 2559 (semper
925 2506 1000 2546 tibi
1030 2507 1108 2546 erit
1137 2507 1266 2556 dolor,
1293 2515 1478 2548 attamen
1507 2509 1610 2548 deus
1639 2523 1712 2548 rex
1734 2515 1865 2548 ten-ae

320 2578 513 2626 servavit,
540 2579 598 2629 te)
625 2581 662 2624 6,
691 2580 757 2615 25.

436 2653 474 2687 2.
515 2645 944 2699 Conjunctiones
984 2646 1305 2687 nominales:
1348 2647 1458 2695 mal,
1486 2661 1603 2699 pan,
1641 2648 1718 2696 lle,
1742 2653 1861 2701 pryt,

320 2718 485 2757 aelam-s
508 2724 586 2756 ete.

435 2788 558 2827 MAI.
583 2790 661 2834 (ut,
688 2787 816 2833 sieutg
849 2785 1011 2825 hibern.
1039 2786 1172 2837 amal)
1194 2785 1398 2826 <umbrica
1425 2786 1557 2825 forma
1587 2792 1749 2826 curtata
1773 2785 1861 2838 jam
