1963 3202
428 97 504 135 VI.
533 100 570 134 2.
616 109 908 136 coxs'rnucrw
931 110 1110 136 romu-:x
1138 110 1392 136 inm-:RNM'A-
1597 98 1678 136 925

334 210 443 254 Vale,
477 207 480 262 Ι
509 211 635 250 frater,
668 207 672 258 Ι
700 209 919 245 florentibus
941 206 954 261 ΙΙ
972 211 1189 258 juventutis
1211 223 1298 247 curn
1320 210 1471 248 viribus.

283 280 336 314 rt
363 276 366 328 Ι
395 277 528 313 floreas
551 289 636 313 culn
659 277 810 312 domino
834 272 846 327 ΙΙ
871 277 909 312 in
937 274 940 327 Ι
968 278 1200 324 sempiterno
1226 276 1232 324 Ι
1260 277 1366 317 solio,

279 347 364 384 Qua
385 350 568 390 martyres
590 343 629 378 in
655 343 660 390 Ι
688 356 802 379 cuneo
825 339 837 394 ΙΙ
860 356 987 391 regem
1016 340 1019 393 Ι
1048 351 1184 380 canent.
1205 345 1389 382 aethereo.

279 411 491 459 Prophetae
513 409 733 457 apostolicis
755 406 767 460 ΙΙ
817 406 820 459 Ι
849 411 1113 446 consonabunt
1134 416 1171 446 et
1191 411 1379 447 laudibus.

252 507 432 548 Nonnisi
461 506 665 560 bisyllaba
696 506 935 546 assonantia
966 507 1104 546 finalis
1127 515 1167 546 et
1190 507 1448 559 frequentius
1470 508 1676 561 monosyl-

140 579 232 619 laba
261 578 413 631 legitur
444 576 526 625 hic,
552 591 657 629 quae
687 591 771 615 una
802 591 897 616 cum
926 576 1079 616 initiali
1101 591 1192 616 eam
1213 576 1567 616 constructionem
1589 592 1676 617 ora-

142 648 264 688 tionis
287 648 438 700 ligatae
459 646 582 695 sistit,
609 660 714 698 quae
736 645 780 684 in
802 645 977 685 vetustis
999 645 1252 685 carminibus
1275 645 1485 685 hibernico
1507 654 1547 685 ct
1569 661 1676 686 cam-

141 718 249 758 brice
271 717 432 770 scriptis
454 715 647 769 primitus
669 715 830 755 obtinet
852 723 891 755 et
913 714 1203 754 communiter.

252 788 375 826 Hanc
403 786 576 825 formam
605 784 802 824 orationis
834 785 1018 838 poeticae
1049 785 1140 837 quis
1173 784 1311 823 credat
1333 799 1420 824 esse
1442 793 1574 825 ortam
1596 786 1677 839 pri-

140 872 255 897 mum
272 857 381 909 apud
400 858 541 909 poetas
559 854 806 894 christianos
824 854 1010 894 finientis
1027 853 1190 907 imperii
1206 853 1390 893 Romani
1407 862 1447 893 et
1466 855 1678 895 transiisse

140 928 191 967 ad
222 927 377 966 Bardos
408 926 681 965 Cambrorum
721 932 761 964 et
800 925 844 964 in
875 924 1059 964 carmina
1085 922 1260 977 gentilia
1291 922 1676 963 Scandinavorum?

141 995 393 1036 Ass-ouantia
423 994 596 1033 initialis
627 1002 766 1034 autem
795 994 829 1034 si
850 993 1017 1047 propria
1037 993 1212 1033 dicenda
1233 1000 1295 1032 est
1316 993 1470 1032 formae
1491 994 1677 1046 poeticae

143 1060 447 1106 Germanorum
462 1063 550 1116 jam
571 1063 744 1103 vetustis
768 1063 1035 1116 temporibus,
1051 1062 1139 1116 jam
1162 1069 1252 1101 tum
1273 1077 1369 1102 cum
1381 1058 1678 1103 “celebrabant

142 1135 393 1175 carminibus
415 1133 613 1185 antiquis,
633 1134 743 1186 quod
764 1148 897 1172 unum
919 1134 1030 1186 apud
1052 1132 1143 1171 illos
1162 1131 1384 1171 memoriae
1401 1139 1441 1172 et
1459 1132 1678 1173 annalium

140 1218 273 1255 genus
295 1197 425 1251 crat,''
446 1202 582 1255 gentis
606 1217 703 1242 suae
725 1202 971 1250 conditores,
992 1201 1231 1241 assonantia
1251 1201 1456 1254 incipiens
1480 1216 1564 1242 una
1581 1217 1677 1242 cum

142 1272 257 1311 finali
287 1287 362 1311 nec
394 1287 476 1311 non
513 1271 759 1311 intermedia
788 1272 975 1325 putanda
1006 1279 1067 1311 est
1095 1270 1264 1310 celticae
1296 1270 1493 1311 orationis
1523 1271 1676 1325 ligatae

140 1342 268 1380 forma
299 1341 432 1394 prisca
463 1342 575 1380 culta
600 1341 689 1393 jam
721 1356 743 1380 a
775 1341 919 1380 Baulis
952 1348 991 1380 et
1015 1340 1202 1380 Druidis:
1246 1341 1373 1393 Apud
1396 1340 1606 1381 Hibernos
1636 1349 1677 1381 et

140 1411 339 1450 cambros
368 1413 509 1463 poetas
536 1411 710 1463 junctus
742 1411 945 1463 reperitur
974 1409 1250 1449 communiter
1281 1410 1460 1449 strictior
1480 1425 1676 1451 versuum

139 1479 319 1519 ambitus
361 1488 399 1519 et
439 1489 574 1519 certus
602 1479 855 1532 syllabarum
885 1494 1085 1519 numerus
1116 1494 1191 1518 nee
1220 1494 1305 1519 non
1337 1487 1449 1518 certa
1480 1494 1677 1520 versuum

139 1549 367 1598 collocatio,
393 1550 492 1588 dum
524 1548 643 1588 latini
673 1552 818 1601 poetae
850 1548 1068 1602 imitantes
1089 1549 1252 1602 saepius
1273 1549 1404 1588 latina
1426 1557 1556 1589 metra
1579 1563 1676 1604 sup-

138 1627 390 1673 posuerunt;
418 1619 509 1671 quis
531 1618 734 1670 ejusmodi
757 1619 906 1659 formas
929 1618 1054 1658 etiam
1077 1618 1212 1658 Gallis
1235 1619 1400 1672 cognita
1422 1620 1610 1672 negarit?

251 1688 403 1741 Populi
434 1688 588 1728 residui
619 1688 837 1742 utriusque
869 1688 1004 1728 celtici
1033 1689 1224 1742 exempla
1255 1696 1417 1729 vetusta
1447 1689 1611 1743 poetica
1631 1688 1676 1729 in

138 1772 212 1798 sua
232 1757 395 1812 propria
417 1757 576 1810 lingua,
603 1757 793 1798 sistentia
815 1759 1098 1799 assonantiam
1122 1766 1204 1798 tam
1227 1757 1447 1806 initialem,
1467 1773 1594 1812 quam
1615 1758 1674 1798 di·
1699 1758 1703 1763 ’

139 1835 239 1867 cunt
266 1827 602 1875 alliterationem,
628 1841 753 1880 quam
774 1828 957 1877 finalem,
984 1842 1109 1882 quam
1130 1828 1276 1868 dicunt
1298 1827 1467 1877 rimum,
1492 1843 1568 1869 nec
1589 1842 1674 1869 non

139 1896 359 1946 internam,
385 1904 609 1951 supersunt
631 1897 860 1938 lustranda.

524 2115 561 2151 2.
607 2112 944 2152 Assonantia
984 2111 1282 2153 hibernica.

250 2248 526 2288 Monumenta
555 2248 708 2288 formae
737 2248 922 2302 poeticae
952 2263 1058 2302 quae
1079 2256 1247 2288 exstant
1267 2248 1478 2289 hibernica
1496 2249 1584 2303 jam
1607 2264 1672 2289 ve-

141 2316 365 2357 tustissima
387 2318 668 2357 assonantiam
690 2333 984 2372 quamcunque
1005 2334 1103 2372 prae
1126 2334 1168 2358 se
1190 2319 1344 2359 ferunt.

249 2387 519 2427 venerandae
551 2387 664 2427 haud
693 2389 817 2427 dubie
839 2389 1058 2428 vetustatis
1082 2396 1179 2428 sunt
1202 2389 1403 2428 formulae
1425 2388 1672 2428 incantatio-

140 2469 239 2495 num
271 2465 454 2496 servatae
484 2457 528 2496 in
557 2471 641 2496 uno
671 2457 769 2496 folio
798 2458 915 2497 facile
949 2459 1103 2498 saeculi
1125 2458 1259 2498 octavi
1282 2458 1412 2511 (quod
1434 2457 1673 2496 continetur

140 2523 259 2565 hodie
280 2526 322 2565 in
344 2526 482 2566 codice
504 2526 769 2580 Sangallensi
791 2542 832 2566 n.
861 2532 1000 2580 1395).
1016 2528 1034 2548 ’¹‘
1067 2529 1167 2568 Tros
1190 2536 1289 2568 sunt
1310 2526 1560 2570 hibernicae,
1582 2526 1671 2579 qui-

228 2680 242 2694 ⁰
268 2678 308 2712 ln
335 2686 434 2724 tergo
453 2680 540 2721 folii,
563 2681 597 2714 in
616 2681 716 2725 cujus
735 2681 849 2714 fronte
867 2682 1082 2726 conspicitur
1100 2681 1215 2723 imago
1234 2691 1341 2712 sacra.
1379 2680 1432 2712 De
1452 2679 1514 2711 hac
1532 2678 1673 2711 disserit

142 2731 303 2768 Kellerus
321 2747 354 2780 p.
371 2738 423 2776 75,
440 2736 500 2770 ubi
516 2737 630 2770 Monii
649 2737 691 2770 de
710 2737 863 2781 imagine
880 2737 989 2771 relata
1007 2738 1218 2775 referuntur,
1239 2741 1273 2768 et
1293 2747 1324 2778 p.
1339 2736 1394 2766 91.
1410 2737 1464 2772 ΕΓΖ,
1488 2734 1546 2768 ubi
1565 2735 1669 2768 ctiam

142 2788 416 2826 incantationum
435 2799 554 2827 textus
573 2794 664 2838 typis
684 2794 873 2838 impressus
891 2802 955 2835 est,
978 2794 1037 2826 ,scd
1057 2792 1335 2826 mendosi-*simtu
